1596 2495
439 107 528 143 DE
563 106 762 143 BELLO
800 103 1196 142 IUGURTHJNO
1436 114 1479 148 19

147 223 264 259 supra
284 224 401 260 quam
423 223 495 260 ego
516 223 603 248 sum
623 217 767 259 petere,
786 221 915 258 neque
937 207 1052 245 simul
1073 205 1285 244 amicitiam
1306 213 1479 243 uostram

148 282 186 312 et
206 288 367 324 regnum
387 288 519 313 meum
541 287 705 324 sperare.
764 281 892 311 utrum
912 271 1068 322 grauius
1093 271 1310 316 existumet,
1333 270 1480 308 nemini

148 341 346 378 occultum
391 347 461 378 est.
519 352 611 377 nam
653 338 765 377 initio
815 337 960 376 occidit
1006 337 1281 387 Hiempsalem
1327 338 1481 374 fratrem
1501 340 1523 376 6

149 418 295 451 meum,
324 404 467 443 deinde
494 404 620 454 patrio
647 416 769 454 regno
798 416 862 441 me
887 401 1058 452 expulit:
1087 414 1190 451 quae
1219 414 1314 439 sane
1338 400 1482 439 fuerint

150 477 307 509 nostrae
323 468 497 516 iniuriae,
515 469 612 506 nihil
627 470 678 507 ad
694 481 777 507 uos.
835 481 973 506 uerum
994 480 1101 505 nunc
1122 474 1295 505 uostrum
1317 479 1479 516 regnum
1504 487 1522 522 7

149 534 265 573 armis
285 542 393 573 tenet
406 548 418 582 3
444 548 519 580 me,
543 547 660 584 quem
682 546 754 572 uos
775 534 1055 584 imperatorem
1077 532 1263 571 Numidis
1284 531 1479 581 posuistis,

148 602 324 638 clausum
354 599 509 639 obsidet
522 615 534 649 3
571 601 789 649 legatorum
818 600 940 638 uerba
968 597 1106 648 quanti
1134 598 1279 643 fecerit,
1308 596 1482 647 pericula

150 677 239 703 mea
278 665 490 703 declarant.
549 664 644 713 quid
683 671 741 702 est
779 663 972 712 reliquom
1012 662 1086 700 nisi
1124 662 1183 700 uis
1222 669 1365 708 uostra,
1403 674 1481 711 quo
1502 670 1524 706 8

151 731 300 768 moueri
321 728 475 779 possit?
501 741 593 766 nam
615 742 687 778 ego
707 729 868 779 quidem
889 729 1033 767 uellem
1054 735 1093 767 et
1112 728 1211 766 haec
1232 740 1333 776 quae
1354 726 1481 764 scribo
1502 743 1524 778 9

150 802 190 833 et
210 793 276 832 illa
295 807 395 843 quae
416 801 533 831 antea
553 793 590 831 in
614 800 752 832 senatu
774 801 935 843 questus
956 806 1044 831 sum
1070 805 1173 831 uana
1196 793 1325 830 forent
1350 792 1482 841 potius

150 872 267 909 quam
295 857 449 896 miseria
478 871 567 896 mea
595 859 715 896 fidem
744 858 874 897 uerbis
903 859 1058 896 faceret.
1117 858 1185 895 sed
1213 856 1400 906 quoniam
1435 870 1482 895 eo
1506 869 1553 893 10

149 930 264 960 natus
293 935 390 969 sum,
413 930 456 960 ut
483 923 696 972 Iugurthae
723 924 913 961 scelerum
942 922 1113 961 ostentui
1140 934 1276 968 essem,
1300 934 1381 960 non
1405 921 1483 960 iam

149 996 316 1026 mortem
355 1001 483 1037 neque
521 1001 739 1035 aerumnas,
771 988 1049 1026 tantummodo
1088 987 1238 1025 inimici
1273 986 1481 1037 imperium

149 1062 186 1092 et
225 1053 417 1092 cruciatus
455 1053 628 1103 corporis
673 1054 873 1104 deprecor.
937 1065 1058 1102 regno
1104 1051 1332 1098 Numidiae,
1374 1051 1483 1101 quod

149 1127 322 1158 uostrum
350 1126 420 1167 est,
441 1119 497 1157 uti
517 1120 627 1158 lubet
653 1119 869 1158 consulite:
900 1131 962 1156 me
989 1117 1171 1156 manibus
1192 1117 1308 1167 inpiis
1334 1117 1480 1167 eripite,

149 1198 218 1234 per
246 1183 489 1223 maiestatem
524 1184 673 1234 imperi,
704 1198 773 1234 per
806 1183 1002 1222 amicitiae
1035 1184 1165 1230 fidem,
1199 1183 1231 1222 si
1263 1184 1343 1222 ulla
1376 1183 1483 1232 apud

150 1262 220 1288 uos
250 1238 440 1288 memoria
467 1257 642 1288 remanet
670 1250 733 1288 aui
763 1249 841 1289 mei
872 1248 1131 1288 Masinissae?

230 1313 307 1352 His
345 1313 480 1353 litteris
517 1314 688 1353 recitatis
726 1316 843 1362 fuere,
881 1316 947 1364 qui
987 1313 1199 1353 exercitum
1238 1315 1277 1351 in
1311 1313 1483 1351 Africam
1503 1313 1562 1357 25

150 1379 390 1418 mittundum
424 1387 628 1417 censerent
660 1387 698 1418 et
732 1393 850 1429 quam
885 1379 1055 1429 primum
1090 1378 1305 1417 Adherbali
1345 1379 1485 1416 subue-

150 1443 368 1482 niundum:
407 1444 457 1482 de
488 1445 676 1494 Iugurtha
709 1444 863 1482 interim
898 1445 954 1483 uti
983 1445 1264 1491 consuleretur,
1295 1443 1482 1493 quoniam

151 1508 288 1558 legatis
314 1521 395 1547 non
421 1508 624 1558 paruisset.
683 1510 753 1547 sed
779 1509 828 1547 ab
859 1509 1010 1547 eisdem
1039 1508 1113 1547 illis
1142 1508 1241 1559 regis
1270 1508 1484 1548 fautoribus
1506 1528 1524 1552 2

151 1587 305 1612 summa
325 1587 400 1624 ope
420 1574 573 1612 enisum
596 1582 654 1612 est
678 1587 728 1612 ne
748 1575 825 1612 tale
853 1574 1054 1612 decretum
1082 1575 1201 1613 fieret.
1260 1574 1315 1612 ita
1334 1574 1482 1613 bonum
1506 1589 1527 1624 3

150 1639 364 1689 publicum,
402 1647 446 1678 ut
487 1639 527 1677 in
565 1639 763 1689 plerisque
807 1639 974 1689 negotiis
1019 1640 1129 1686 solet,
1169 1638 1322 1689 priuata
1363 1639 1485 1689 gratia

151 1704 363 1743 deuictum.
421 1705 601 1754 legantur
616 1712 749 1743 tamen
768 1704 809 1742 in
824 1704 998 1743 Africam
1019 1703 1187 1742 maiores
1206 1711 1299 1742 natu
1317 1703 1482 1751 nobiles,
1505 1720 1529 1753 4

151 1769 290 1819 amplis
324 1769 540 1807 honoribus
578 1769 648 1808 usi.
707 1769 747 1807 in
784 1769 872 1819 quis
906 1769 977 1808 fuit
1012 1771 1069 1807 M.
1106 1770 1286 1816 Scaurus,
1322 1770 1372 1808 de
1405 1782 1484 1819 quo

153 1848 267 1884 supra
299 1835 617 1880 memorauimus,
652 1835 867 1873 consularis
902 1843 940 1874 et
978 1842 1062 1872 tum
1101 1841 1258 1872 senatus
1290 1834 1481 1884 princeps.

153 1900 199 1947 ei,
221 1900 330 1949 quod
350 1912 409 1938 res
429 1898 470 1937 in
496 1898 646 1937 inuidia
672 1907 766 1947 erat,
789 1899 905 1938 simul
925 1907 964 1938 et
985 1901 1035 1938 ab
1064 1899 1250 1937 Numidis
1277 1899 1482 1947 obsecrati,
1507 1912 1526 1949 5

153 1964 283 2003 triduo
303 1964 437 2002 nanim
458 1964 682 2003 ascendere.
742 1964 833 2003 dein
855 1964 965 2003 breui
986 1963 1147 2003 Uticam
1168 1964 1323 2014 adpulsi
1338 1963 1484 2003 litteras

153 2030 204 2067 ad
244 2030 475 2079 Iugurtham
513 2029 697 2068 mittunt:
731 2043 866 2079 quam
911 2029 1107 2069 ocissume
1151 2030 1202 2068 ad
1240 2030 1484 2079 prouinciam

153 2095 332 2143 adcedat,
359 2108 480 2144 seque
505 2096 557 2133 ad
583 2108 673 2133 eum
699 2097 750 2133 ab
777 2103 915 2134 senatu
941 2093 1092 2134 missos.
1149 2094 1214 2133 ille
1241 2094 1309 2133 ubi
1334 2094 1484 2144 accepit
1505 2095 1528 2131 6

153 2159 334 2198 homines
364 2161 500 2207 claros,
522 2173 692 2209 quorum
720 2162 992 2203 auctoritatem
1023 2162 1176 2198 Romae
1205 2161 1353 2209 pollere
1382 2160 1488 2198 audi-

154 2232 275 2271 uerat,
315 2233 453 2264 contra
489 2225 692 2275 inceptum
731 2239 846 2264 suum
887 2225 1056 2272 uenisse,
1096 2225 1222 2275 primo
1265 2234 1486 2264 commotus

154 2296 262 2326 metu
300 2296 418 2338 atque
455 2290 634 2328 lubidine
672 2290 856 2328 diuorsus
895 2290 1124 2340 agitabatur.
1188 2290 1353 2328 timebat
1390 2289 1484 2327 iram
1508 2302 1526 2338 7

1278 2384 1376 2408 2-—2
