1596 2495
149 90 197 124 40
512 82 551 118 C.
595 81 885 118 SALLUST!
926 81 1127 118 CRJSJ'J

65 185 124 229 54
227 184 413 221 Metellus
448 184 484 221 in
519 183 668 222 eisdem
704 183 839 222 castris
874 183 1084 234 quatriduo
1120 192 1293 223 moratus
1327 186 1480 223 saucios

143 260 232 285 cum
268 261 360 288 cura
391 250 523 294 reficit,
555 248 714 287 meritos
746 249 785 286 in
816 249 974 299 proeliis
1011 262 1119 288 more
1153 248 1314 287 militiae
1346 250 1479 296 donat,

144 313 350 352 uniuorsos
376 314 415 351 in
443 313 630 352 contione
652 314 783 352 laudat
808 321 926 364 atque
953 315 1029 365 agit
1056 315 1210 365 gratias,
1231 315 1408 353 hortatur
1430 316 1480 353 ad

145 387 282 426 cetera,
306 393 407 430 quae
433 381 535 419 leuia
562 379 648 426 sint,
672 393 804 430 parem
833 381 1008 419 animum
1036 389 1195 431 gerant:
1225 393 1297 430 pro
1321 379 1481 419 uictoria

105 461 123 483 2
145 446 238 485 satis
267 446 343 484 iiim
374 455 601 496 pugnatum,
633 446 803 496 reliquos
833 447 986 485 labores
1017 460 1087 496 pro
1121 446 1267 497 praeda
1301 446 1392 484 fore.
1449 450 1484 483 et

146 519 274 549 tamen
305 512 458 549 interim
488 513 705 561 transfugas
732 519 770 550 et
796 510 894 550 alios
921 520 1177 561 opportunos,
1202 511 1388 561 Iugurtha
1415 510 1480 549 ubi

145 576 319 626 gentium
344 585 410 614 aut
435 576 530 626 quid
550 577 724 626 agitaret,
747 590 838 614 cum
864 577 1053 627 paucisne
1075 584 1176 615 esset
1197 590 1244 614 an
1267 576 1479 614 exercitum

103 653 124 689 3
145 641 316 687 haberet,
349 649 390 679 ut
424 655 509 680 sese
544 642 671 680 uictus
705 649 853 691 gereret
889 643 1133 690 exploratum
1169 641 1283 679 misit.
1344 648 1383 679 at
1417 640 1481 678 ille

145 719 229 745 sese
267 705 305 743 in
345 707 432 745 loca
470 708 642 744 saltuosa
680 715 717 745 et
757 713 894 744 natura
930 705 1080 744 munita
1113 714 1313 755 receperat
1346 705 1481 755 ibique

144 771 311 820 cogebat
332 772 543 809 exercitum
563 785 726 810 numero
743 771 948 810 hominum
965 771 1194 821 ampliorem
1212 772 1282 809 sed
1297 772 1480 809 hebetem

110 848 126 879 4
145 835 431 886 infirmumque,
449 837 528 886 agri
549 851 595 875 ac
615 838 766 886 pecoris
788 837 910 887 magis
933 850 1050 886 quam
1071 837 1164 875 belli
1185 838 1387 875 cultorem.
1441 836 1480 874 id

146 915 193 941 ea
217 902 340 951 gratia
367 903 586 950 euenielmt,
614 904 720 952 quod
749 911 902 953 praeter
929 903 1055 952 regios
1083 902 1234 952 equites
1261 916 1378 941 nemo
1403 916 1481 941 om-

146 966 254 1005 nium
277 967 451 1005 Numida
471 980 517 1005 ex
537 968 627 1016 fuga
647 981 776 1018 regem
800 967 997 1017 sequitur:
1018 981 1097 1016 quo
1119 967 1308 1017 cuiusque
1328 967 1482 1005 animus

146 1034 229 1080 fert,
252 1047 298 1072 eo
320 1032 539 1080 discedunt,
562 1046 690 1082 neque
711 1033 750 1071 id
771 1033 958 1083 flagitium
983 1033 1142 1071 militiae
1163 1033 1340 1072 ducitur:
1368 1033 1422 1071 ita
1441 1046 1481 1071 se

148 1111 275 1137 mores
300 1099 455 1137 habent.

107 1174 126 1213 5
230 1163 352 1212 Igitur
391 1165 587 1209 Metellus,
627 1165 692 1203 ubi
734 1163 841 1201 uidet
880 1163 979 1213 regis
1019 1163 1134 1202 etiam
1180 1172 1261 1202 turn
1305 1163 1479 1201 animuin

146 1229 317 1266 ferocem
347 1241 442 1275 esse,
466 1229 611 1266 bellum
643 1227 834 1273 renouari,
856 1229 964 1277 quod
994 1227 1067 1266 nisi
1098 1242 1145 1267 ex
1174 1228 1276 1266 illius
1306 1227 1481 1266 lubidine

147 1294 226 1344 geri
257 1307 335 1332 non
368 1302 513 1343 posset,
541 1301 741 1343 praeterea
771 1292 918 1330 inicum
949 1301 1147 1331 certamen
1178 1292 1252 1331 sibi
1279 1305 1367 1330 cum
1395 1293 1480 1330 hos-

147 1359 261 1406 tibus,
294 1360 444 1398 minore
483 1359 719 1397 detrimento
759 1359 844 1397 illos
884 1358 990 1397 uinci
1028 1372 1144 1408 quam
1185 1372 1276 1397 suos
1311 1358 1478 1404 uincere,

148 1424 283 1463 statuit
316 1437 396 1463 non
431 1424 589 1474 proeliis
622 1438 751 1474 neque
782 1424 821 1461 in
857 1423 950 1470 acie,
985 1425 1055 1462 sed
1087 1424 1163 1462 alio
1195 1437 1302 1462 more
1335 1425 1478 1462 bellum

107 1493 129 1527 6
148 1490 378 1540 gerundum.
437 1490 570 1539 itaque
597 1490 635 1527 in
664 1491 751 1528 loca
779 1489 992 1527 Numidiae
1013 1489 1324 1538 opulentissuma
1344 1489 1478 1539 pergit,

147 1568 259 1604 agros
289 1563 426 1601 uastat,
458 1556 580 1592 multa
611 1556 770 1592 castella
801 1562 839 1593 et
871 1554 1017 1604 oppida
1052 1563 1198 1592 temere
1233 1556 1381 1592 munita
1414 1562 1480 1592 aut

149 1621 231 1659 sine
270 1619 465 1670 praesidio
505 1619 611 1669 capit
648 1619 917 1669 incenditque,
954 1622 1121 1668 puberes
1161 1619 1324 1657 interfici
1359 1619 1478 1665 iubet,

148 1686 225 1724 alia
265 1685 396 1723 omnia
435 1684 600 1722 militum
641 1686 827 1734 praedam
866 1697 963 1722 esse.
1039 1697 1085 1722 ea
1123 1683 1330 1722 formidine
1369 1683 1480 1722 multi

149 1751 333 1788 mortales
363 1748 554 1787 Romanis
583 1748 706 1787 dediti
736 1748 905 1795 obsides,
938 1749 1177 1786 frumentum
1208 1756 1246 1787 et
1275 1748 1349 1786 alia
1379 1762 1480 1797 quae

149 1816 235 1854 usui
277 1816 404 1853 forent
450 1814 592 1852 affatim
640 1815 827 1864 praebita,
868 1814 1108 1863 ubicumque
1151 1827 1210 1851 res
1255 1814 1480 1863 postulabat

109 1896 127 1931 7
149 1881 385 1930 praesidium
420 1879 648 1929 inpositum.
716 1892 818 1929 quae
852 1880 1010 1929 negotia
1044 1881 1168 1917 multo
1204 1879 1326 1930 magis
1361 1893 1478 1929 quam

108 1954 130 1989 8
149 1946 341 1996 proelium
367 1947 467 1983 male
492 1953 710 1995 pugnatum
738 1946 788 1984 ab
815 1945 893 1983 suis
920 1959 1050 1994 regem
1081 1946 1288 1992 terrebant,
1317 1946 1477 1995 quippe,

148 2012 259 2050 cuius
289 2025 376 2061 spes
407 2011 534 2049 omnis
565 2010 603 2048 in
633 2012 723 2060 fuga
751 2011 824 2048 sita
850 2019 940 2058 erat,
965 2011 1073 2060 sequi
1103 2012 1325 2061 cogebatur,
1350 2018 1387 2050 et
1413 2011 1478 2061 qui

150 2088 219 2113 sua
257 2077 343 2114 loca
381 2076 594 2114 defendere
633 2076 873 2124 nequiuerat,
907 2075 945 2112 in
984 2075 1120 2112 alienis
1156 2076 1300 2112 bellum
1333 2088 1476 2124 gerere.

109 2152 131 2187 9
151 2147 281 2178 tamen
309 2153 355 2178 ex
383 2140 498 2189 copia
519 2141 627 2189 quod
649 2148 858 2188 optumum
886 2140 1094 2178 uidebatur
1120 2139 1334 2177 consilium.
1350 2140 1478 2189 capit:

149 2204 359 2242 exercitum
394 2206 624 2253 plerumque
661 2204 700 2241 in
735 2204 882 2243 eisdem
917 2204 1012 2242 locis
1044 2203 1210 2253 opperiri
1244 2204 1362 2251 iubet,
1398 2204 1480 2255 ipse

149 2282 238 2307 cum
262 2269 423 2307 delectis
444 2269 640 2318 equitibus
664 2270 866 2307 Metellum
891 2268 1074 2318 sequitur,
1099 2268 1296 2306 nocturnis
1324 2275 1361 2307 et
1383 2268 1479 2306 auiis
