1596 2495
145 106 193 140 42
510 93 548 131 c.
592 93 735 130 ΒΑΜ
749 94 878 131 essm
922 95 1120 134 clclsm

104 206 122 229 2
146 193 222 232 suis
252 194 396 232 auxilio
427 202 647 241 uenturum,
678 195 808 245 ibique
838 196 1030 246 proelium
1060 198 1152 236 fore.
1212 205 1249 236 at
1280 198 1343 236 ille
1375 212 1477 248 quae

145 259 380 308 parabantur
409 272 432 296 a
461 260 631 309 perfugis
660 261 835 308 edoctus,
863 262 1014 311 magnis
1041 262 1241 301 itineribus
1271 265 1475 302 Metellum

145 324 354 363 anteuenit.
419 325 641 374 oppidanos
676 329 850 365 hortatur
885 328 1042 366 moenia
1075 329 1300 375 defendant,
1333 329 1477 368 additis

144 389 288 429 auxilio
322 391 504 441 perfugis,
538 393 645 440 quod
679 405 801 442 genus
837 406 883 431 ex
917 392 1042 442 copiis
1076 393 1187 442 regis,
1221 394 1312 443 quia
1345 395 1476 433 fallere

145 455 342 506 nequibat,
359 457 636 495 firmissumum
657 465 747 496 erat.
799 465 997 507 praeterea
1018 458 1225 506 pollicetur
1244 459 1284 496 in
1301 467 1476 509 tempore

105 534 125 569 3
146 528 269 559 semet
302 534 391 558 cum
427 521 597 559 exercitu
629 523 774 560 adfore.
833 522 886 560 ita
921 521 1136 572 conpositis
1169 525 1285 562 rebus
1315 523 1356 562 in
1390 526 1478 562 loca

147 599 263 634 quam
303 599 485 624 maxume
524 588 676 624 occulta
715 586 882 625 discedit
919 601 966 626 ac
1000 595 1089 637 post
1123 589 1241 637 paulo
1274 589 1476 638 cognoscit

148 651 318 689 Marium
357 665 404 690 ex
441 650 577 690 itinere
620 652 897 690 frumentatum
940 665 1028 690 cum
1072 651 1205 702 paucis
1250 652 1476 691 cohortibus

146 715 298 754 Siccam
343 714 518 763 missum,
557 717 665 766 quod
714 716 905 766 oppidum
951 716 1118 767 primum
1163 717 1341 755 omnium
1386 725 1477 767 post

105 796 127 828 4
147 782 289 818 malam
316 794 486 830 pugnam
520 783 569 819 ab
599 795 686 831 rege
714 783 919 821 defecerat.
979 795 1027 820 eo
1057 795 1148 820 cum
1175 781 1338 820 delectis
1367 781 1474 831 equi-

147 846 249 884 tibus
281 853 400 884 noctu
428 846 552 895 pergit
581 854 619 885 et
648 846 724 884 iam
755 846 1045 896 egredientibus
1076 846 1268 884 Romanis
1297 847 1335 884 in
1365 855 1477 896 porta

145 924 317 962 pugnam
356 911 458 957 facit,
499 910 612 948 simul
652 924 795 961 magna
832 924 931 949 uoce
970 910 1172 949 Siccenses
1210 912 1384 950 hortatur
1422 912 1476 950 uti

146 975 317 1014 cohortis
351 976 401 1014 ab
435 983 544 1025 tergo
579 975 912 1015 circumueniant:
958 978 1152 1014 fortunam
1187 975 1259 1013 illis
1291 977 1477 1025 praeclari

147 1039 326 1077 facinoris
357 1053 491 1077 casum
522 1041 638 1079 dare:
673 1040 704 1079 si
733 1040 773 1079 id
803 1040 975 1086 fecerint,
997 1047 1135 1090 postea
1163 1053 1248 1078 sese
1277 1039 1317 1078 in
1343 1053 1474 1089 regno,

108 1115 126 1152 5
148 1106 234 1144 illos
258 1105 297 1143 in
321 1106 500 1144 libertate
524 1106 607 1144 sine
632 1114 739 1144 metu
767 1114 935 1144 aetatem
962 1113 1127 1144 acturos.
1186 1118 1233 1142 ac
1259 1104 1299 1142 ni
1328 1105 1476 1144 Marius

148 1170 258 1220 signa
285 1171 425 1209 inferre
455 1178 572 1220 atque
601 1172 768 1209 euadere
798 1171 949 1220 oppido
979 1169 1277 1220 properauisset,
1299 1177 1476 1219 profecto

148 1234 279 1274 cuncti
299 1243 365 1274 aut
384 1248 527 1285 magna
546 1249 633 1284 pars
654 1235 896 1274 Siccensium
918 1236 1035 1273 fidem
1059 1235 1340 1273 mutauissent:
1371 1243 1478 1274 tanta

107 1299 364 1338 6mobilitate
403 1312 487 1338 sese
527 1299 727 1339 Numidae
764 1307 915 1349 gerunt.
971 1300 1041 1338 sed
1081 1298 1222 1337 milites
1258 1300 1478 1349 Iugurthini

149 1363 346 1414 paulisper
382 1364 433 1402 ab
471 1377 560 1414 rege
599 1364 815 1412 sustentati,
848 1372 1059 1415 postquam
1093 1363 1239 1403 maiore
1273 1365 1312 1402 ui
1346 1366 1478 1405 hostes

68 1432 127 1476 57
149 1437 297 1478 urgent,
312 1428 447 1479 paucis
467 1429 618 1468 amissis
640 1430 791 1479 profugi
807 1429 1028 1469 discedunt.
1080 1430 1226 1468 Marius
1247 1432 1296 1468 ad
1317 1433 1476 1470 Zamam

149 1495 336 1545 peruenit.
395 1495 437 1534 id
461 1495 652 1545 oppidum
682 1495 721 1533 in
747 1509 889 1545 campo
919 1495 1036 1534 situm
1063 1496 1186 1546 magis
1215 1509 1332 1545 opere
1359 1510 1475 1546 quarn

149 1567 287 1598 natura
330 1560 524 1598 munitum
568 1568 661 1607 erat,
702 1563 846 1599 nullius
891 1561 1058 1611 idoneae
1095 1561 1150 1600 rei
1193 1574 1323 1610 egens,
1362 1561 1477 1600 armis

110 1638 128 1661 2
150 1624 319 1674 uirisque
356 1626 598 1674 opulentum.
662 1625 776 1675 igitur
815 1627 998 1664 Metellus
1037 1638 1108 1674 pro
1147 1635 1322 1676 tempore
1360 1635 1477 1676 atque

150 1690 238 1727 loco
275 1689 418 1738 paratis
457 1692 572 1728 rebus
611 1697 755 1728 cuncta
796 1690 954 1728 moenia
996 1690 1165 1729 exercitu
1207 1690 1475 1738 circumuenit,

109 1753 286 1802 3legatis
324 1754 491 1804 imperat
530 1753 595 1792 ubi
636 1754 801 1804 quisque
839 1762 998 1793 curaret.
1059 1754 1204 1793 deinde
1239 1756 1350 1804 signo
1383 1758 1477 1795 dato

151 1818 325 1868 undique
347 1818 460 1856 simul
482 1820 628 1857 clamor
647 1818 786 1869 ingens
806 1818 935 1857 oritur.
986 1832 1114 1868 neque
1136 1832 1181 1858 ea
1201 1831 1260 1856 res
1281 1820 1477 1858 Numidas

109 1897 133 1930 4
151 1890 289 1921 terret:
326 1883 468 1921 infensi
498 1882 715 1932 intentique
745 1882 828 1922 sine
857 1885 1025 1922 tumultu
1058 1890 1228 1922 manent.
1287 1884 1476 1933 proelium

151 1948 357 1998 incipitur:
388 1940 556 1986 Romani
582 1962 652 1997 pro
677 1948 833 1998 ingenio
858 1947 1024 1997 quisque
1048 1961 1136 1997 pars
1162 1948 1314 1985 eminus
1334 1948 1475 1997 glande

151 2022 216 2051 aut
242 2011 438 2063 lapidibus
465 2026 650 2062 pugnare,
676 2013 739 2051 alii
763 2014 973 2051 succedere
998 2025 1044 2050 ac
1069 2025 1219 2049 murum
1245 2014 1366 2050 modo
1390 2013 1478 2050 sub-

151 2079 297 2124 fodere,
330 2077 449 2116 modo
484 2077 597 2115 scalis
627 2077 796 2127 aggredi,
828 2090 970 2126 cupere
1001 2077 1191 2126 proelium
1224 2076 1263 2113 in
1296 2078 1476 2114 manibus

112 2152 130 2189 5
151 2144 277 2181 facere
291 2156 302 2188 3
329 2150 466 2180 contra
485 2155 531 2181 ea
550 2142 737 2192 oppidani
758 2141 797 2180 in
819 2154 1029 2191 proxumos
1046 2154 1137 2179 saxa
1157 2142 1327 2187 uoluere,
1348 2141 1475 2187 sudes,

152 2208 240 2254 pila,
272 2214 469 2254 praeterea
498 2206 626 2255 picem
660 2207 846 2255 sulphure
881 2212 919 2243 et
953 2205 1069 2243 taeda
1107 2204 1266 2240 mixtam
1300 2204 1477 2242 ardentia

111 2272 132 2307 6
152 2268 314 2307 mittere.
373 2270 443 2307 sed
467 2275 517 2307 'ne
540 2268 627 2306 illos
650 2268 824 2318 quidem,
851 2268 917 2318 qui
940 2269 1076 2317 procul
1102 2274 1335 2314 manserant,
1362 2268 1477 2305 timor
