1596 2495
359 107 444 144 DE
482 106 678 143 BELLO
715 106 830 143 [σθ
840 106 917 144 UR
927 106 1116 145 THJNO
1134 80 1138 81 ἶ
1350 120 1399 154 49

71 222 210 255 rerum,
246 208 366 257 quieti
402 215 441 246 et
474 207 554 246 otio
583 208 805 246 aduorsum.
867 207 958 246 dein
988 207 1203 258 conpositis
1232 207 1332 247 inter
1360 222 1400 247 se

71 274 185 311 rebus
215 273 255 310 in
285 273 390 311 diem
420 271 576 310 tertium
605 271 861 318 constituunt,
894 273 1000 321 quod
1028 272 1058 310 is
1086 274 1205 311 festus
1232 273 1401 311 celebra·

71 344 210 386 tusque
230 349 300 386 per
319 349 479 374 omnem
500 336 671 374 Africam
693 337 828 375 ludum
850 344 888 375 et
909 336 1110 374 lasciuiam
1131 337 1254 387 magis
1280 351 1399 387 quam

71 401 316 440 formidinem
346 403 580 440 ostentabat.
639 402 709 440 sed
738 401 806 440 ubi
840 409 993 450 tempus
1028 401 1110 448 fuit,
1145 403 1394 441 centuriones
1419 414 1440 449 3

70 466 326 517 tribunosque
347 466 521 504 militaris
543 473 580 505 et
600 466 728 516 ipsum
752 467 992 516 praefectum
1020 467 1156 516 oppidi
1184 469 1228 505 T.
1260 467 1399 517 Turpi-

70 531 164 569 lium
192 531 367 570 Silanum
394 532 490 570 alius
518 533 636 569 alium
663 533 804 570 domos
831 544 919 570 suas
947 531 1123 569 inuitant.
1184 545 1251 570 eos
1271 533 1398 571 omnis

70 604 220 645 praeter
247 596 467 646 Turpilium
498 598 598 634 inter
624 597 758 645 epulas
786 597 1032 634 obtruncant.
1092 603 1230 645 postea
1256 597 1398 637 milites

69 661 236 710 palantis
263 661 444 706 inermos,
473 661 620 710 quippe
648 662 686 698 in
715 659 780 698 tali
808 660 871 698 die
895 674 941 698 ac
962 659 1045 698 sine
1066 660 1241 710 imperio,
1265 675 1396 712 aggre-

69 726 237 764 diuntur.
297 725 400 764 idem
430 727 565 776 plebes
596 725 697 771 facit,
729 738 817 775 pars
848 725 979 763 edocti
1008 726 1057 763 ab
1087 725 1302 772 nobilitate,
1334 726 1396 764 alii
1416 734 1440 767 4

72 791 202 829 studio
223 790 357 829 talium
375 804 501 829 rerum
519 790 680 835 incitati,
700 790 786 839 quis
803 798 889 828 acta
910 790 1197 840 consiliumque
1217 790 1394 841 ignoram

69 856 172 894 tibus
203 856 392 894 tumultus
422 855 505 906 ipse
534 863 573 894 et
601 869 661 894 res
690 868 818 893 nouae
840 854 931 893 satis
952 856 1172 904 placebant.
1224 856 1397 894 Romani
1417 855 1474 898 67

69 920 222 968 milites,
253 918 455 969 inprouiso
485 927 592 958 metu
622 919 758 958 incerti
788 919 989 969 ignarique
1016 919 1110 969 quid
1138 920 1395 969 potissumum

66 985 249 1030 facerent,
274 971 477 1034 trepidare.
537 997 624 1022 arce
655 984 792 1033 oppidi
821 983 905 1035 (ubi
935 984 1045 1034 signa
1071 992 1109 1022 et
1136 993 1244 1023 scuta
1271 986 1395 1036 erant>

67 1049 305 1098 praesidium
332 1049 513 1095 hostium,
543 1056 678 1098 portae
705 1056 795 1087 ante
823 1050 976 1088 clausae
1003 1051 1093 1098 fuga
1120 1050 1393 1098 prohibebant.

66 1114 114 1151 ad
136 1114 213 1152 hoc
233 1113 411 1152 mulieres
431 1113 620 1164 puerique
641 1127 710 1163 pro
732 1113 842 1151 tectis
863 1113 1129 1152 aedificiorum
1150 1128 1242 1152 saxa
1262 1123 1300 1154 et
1321 1116 1396 1154 alia

66 1190 166 1226 quae
194 1178 304 1215 locus
337 1178 551 1226 praebebat
584 1176 759 1215 certatim
795 1176 958 1215 mittere.
1015 1177 1071 1230 ita
1104 1191 1232 1227 neque
1266 1179 1395 1217 caueri
1416 1193 1435 1216 2

65 1254 211 1291 anceps
250 1243 395 1280 malum
435 1254 564 1290 neque
602 1254 625 1279 a
663 1241 894 1279 fortissumis
939 1241 1219 1281 infirmissumo
1263 1244 1395 1293 generi

64 1306 189 1344 resisti
217 1319 356 1355 posse:
386 1305 491 1344 iuxta
517 1306 611 1344 boni
640 1305 822 1355 malique,
852 1306 998 1344 strenui
1025 1314 1062 1344 et
1090 1306 1254 1346 inbelles
1281 1308 1395 1347 inulti

65 1370 299 1408 obtruncari.
357 1370 397 1408 in
424 1383 470 1408 ea
498 1377 605 1408 tanta
631 1371 853 1420 asperitate,
885 1371 1132 1409 saeuissumis
1155 1372 1336 1411 Numidis
1357 1382 1394 1411 et
1415 1385 1436 1421 3

65 1434 213 1484 oppido
233 1434 406 1483 undique
429 1435 570 1480 clauso,
600 1435 798 1484 Turpilius
826 1436 1044 1485 praefectus
1072 1449 1171 1473 unus
1199 1449 1246 1474 ex
1269 1437 1392 1475 omni-

66 1499 137 1537 bus
160 1498 304 1537 Italicis
325 1498 494 1537 intactus
515 1499 695 1549 profugit.
752 1500 792 1538 id
814 1499 1133 1539 misericordiane
1154 1501 1317 1551 hospitis
1345 1516 1392 1540 an

65 1563 245 1613 pactione
266 1576 316 1600 an
337 1576 429 1601 casu
450 1562 503 1601 ita
524 1564 708 1611 euenerst,
731 1577 867 1614 parum
888 1564 1175 1614 comperimus:
1198 1566 1281 1612 nisi,
1305 1569 1396 1616 quia

65 1628 119 1666 illi
147 1629 187 1666 in
217 1635 328 1666 tanto
357 1628 462 1666 malo
492 1629 615 1677 turpis
645 1628 726 1667 uita
755 1629 904 1679 integra
935 1630 1038 1667 fama
1066 1631 1196 1679 potior
1229 1631 1313 1678 fuit,
1341 1632 1395 1669 in-

65 1694 209 1743 probus
231 1693 541 1742 intestabilisque
562 1693 726 1733 uidetur.
751 1684 754 1687 ,

147 1758 344 1804 Metellus,
384 1764 594 1806 postquam
633 1759 683 1796 de
721 1761 836 1796 rebus
874 1761 1008 1809 Vagae
1053 1759 1149 1798 actis
1194 1762 1394 1810 comperit,
1415 1766 1473 1809 68

65 1821 258 1871 paulisper
296 1829 467 1860 maestus
506 1835 554 1860 ex
592 1830 807 1871 conspectu
842 1823 931 1861 abit.
992 1824 1136 1862 deinde
1170 1824 1236 1862 ubi
1270 1825 1324 1864 ira
1358 1833 1396 1864 et

64 1886 266 1936 aegritudo
305 1885 496 1935 permixta
534 1895 634 1932 sunt,
675 1900 764 1925 cum
808 1901 993 1926 maxuma
1037 1902 1129 1926 cura
1172 1890 1296 1926 ultum
1341 1890 1395 1929 ire

64 1949 220 1987 iniurias
255 1949 419 1988 festinat.
479 1949 685 1999 legionem,
722 1963 812 1988 cum
848 1964 925 2000 qua
961 1951 1169 1995 hiemabat,
1205 1960 1242 1990 et
1276 1966 1394 2002 quam
1416 1970 1434 1993 2

65 2015 265 2063 plurumos
290 2019 419 2062 potest
448 2012 642 2051 Numidas
669 2013 819 2062 equites
848 2014 990 2063 pariter
1016 2028 1105 2052 cum
1135 2028 1276 2053 occasu
1303 2017 1395 2055 solis

65 2077 267 2127 expeditos
294 2076 426 2115 educit
453 2084 491 2114 et
518 2084 676 2126 postero
705 2078 770 2116 die
796 2077 944 2117 circiter
970 2079 1064 2117 hora
1085 2079 1197 2117 tertia
1215 2081 1394 2130 peruenit

65 2141 104 2179 in
132 2142 330 2190 quandam
363 2141 562 2190 planitiem
592 2141 688 2179 locis
718 2143 836 2191 paulo
864 2143 1126 2192 superioribus
1153 2144 1395 2184 circumuen-

64 2213 156 2243 tam.
200 2205 255 2243 ibi
275 2205 416 2243 milites
436 2210 558 2243 fessos
579 2200 732 2243 itineris>
746 2207 1015 2256 magnitudine
1035 2215 1072 2246 et
1092 2208 1169 2245 iam
1185 2210 1392 2248 abnuentis
1412 2221 1434 2257 3

65 2269 197 2308 omnia
223 2270 338 2308 docet
365 2270 558 2320 oppidum
586 2272 736 2320 Vagam
767 2283 847 2308 non
877 2271 1042 2321 amplius
1072 2273 1177 2310 mille
1206 2286 1392 2322 passuum

171 2359 200 2385 s.
1261 2364 1284 2398 4
