1596 2495
424 96 511 132 DE
549 94 745 132 BELLO
784 94 897 132 [σθ
909 95 1180 132 URJHJNO
1419 106 1460 140 17

140 207 264 238 totum
294 200 376 239 eius
405 213 563 249 regnum
596 198 727 236 animo
757 197 832 236 iam
864 197 1069 235 inuaserat.
1131 199 1262 247 itaque
1292 211 1371 236 non
1406 198 1461 235 uti
1483 206 1501 241 7

139 272 254 301 antea
273 277 362 301 cum
383 262 626 314 praedatoria
646 276 777 309 manu,
800 263 869 300 sed
891 275 1032 312 magno
1053 263 1222 300 exercitu
1248 270 1461 310 conparato

141 329 283 365 bellum
314 340 445 377 gerere
474 327 604 377 coepit
635 335 672 365 et
702 334 834 376 aperte
865 326 982 364 totius
1016 325 1226 364 Numidiae
1255 325 1460 376 imperium

139 400 280 441 petere.
340 400 513 431 ceterum
534 405 610 441 qua
633 393 819 441 pergebat
841 391 958 438 urbis,
980 404 1091 440 agros
1112 398 1276 439 uastare,
1298 391 1461 440 praedas
1481 395 1504 430 8

138 469 274 506 agere:
313 456 390 494 suis
419 455 606 503 animum,
635 456 812 495 hostibus
841 463 1023 494 terrorem
1053 469 1204 506 augere.
1263 456 1461 493 Adherbal
1481 452 1538 495 21

140 520 205 557 ubi
234 520 422 571 intellegit
452 533 500 559 eo
533 533 772 570 processum,
803 520 858 559 uti
892 533 1054 569 regnum
1088 528 1155 558 aut
1189 519 1460 558 relincundum

139 592 239 623 esset
276 591 342 623 aut
383 586 498 622 armis
541 584 800 631 retinendum,
841 583 1060 622 necessario
1104 583 1237 633 copias
1275 591 1385 634 parat
1423 591 1462 622 et

140 650 349 698 Iugurthae
389 649 530 687 obuius
568 649 755 698 procedit.
815 647 968 687 interim
1007 649 1114 687 haud
1151 650 1267 697 longe
1304 661 1328 685 a
1365 649 1500 686 mariz

138 727 259 763 prope
279 714 423 753 Cirtam
446 714 638 763 oppidum
659 714 858 762 utriusque
877 713 1066 752 exercitus
1087 713 1276 759 consedit,
1299 721 1348 760 et,
1371 711 1462 762 quia

138 778 215 817 diei
260 786 475 817 extremum
521 785 613 824 erat,
652 777 844 827 proelium
889 790 971 816 non
1013 778 1224 828 inceptum.
1282 778 1352 814 sed
1394 776 1461 814 ubi

138 843 366 892 plerumque
408 842 533 897 noctis
579 842 778 892 processit,
819 844 987 881 obscuro
1029 843 1147 880 etiam
1189 849 1271 879 tum
1314 840 1459 879 lumine

140 907 280 945 milites
321 907 537 958 Iugurthini
579 909 690 956 signo
731 908 825 946 dato
869 915 995 946 castra
1039 907 1211 944 hostium
1254 906 1457 952 inuadunt,

138 973 397 1011 semisomnos
417 973 569 1022 partim,
590 972 686 1011 alios
706 986 813 1010 arma
833 972 1019 1010 sumentis
1039 974 1174 1022 fugant
1197 974 1458 1021 funduntque.

138 1038 337 1076 Adherbal
380 1051 470 1076 cum
510 1037 645 1087 paucis
687 1038 881 1087 equitibus
922 1036 1069 1076 Cirtam
1110 1037 1289 1087 profugit,
1330 1045 1378 1083 et,
1420 1038 1459 1075 ni

139 1102 347 1140 multitudo
390 1109 610 1151 togatorum
653 1102 798 1147 fuisset,
839 1115 938 1151 quae
984 1101 1177 1140 Numidas
1221 1101 1460 1150 insequentis

139 1167 344 1204 moenibus
360 1166 567 1215 prohibuit,
587 1179 665 1204 uno
686 1166 750 1205 die
770 1167 869 1204 inter
889 1167 988 1204 duos
1009 1179 1117 1215 reges
1138 1174 1323 1215 coeptum
1343 1174 1460 1215 atque

137 1237 330 1281 patratum
366 1231 509 1268 bellum
544 1232 651 1269 foret.
708 1230 822 1280 igitur
858 1231 1044 1280 Iugurtha
1075 1230 1269 1280 oppidum
1301 1230 1500 1277 circum-3

138 1295 248 1342 sedit,
288 1293 411 1333 uineis
452 1295 696 1344 turribusque
739 1302 777 1333 et
819 1294 1009 1332 machinis
1053 1294 1230 1332 omnium
1275 1308 1459 1344 generum

138 1372 359 1408 expugnare
385 1359 612 1409 aggreditur,
643 1372 823 1398 maxume
850 1360 1037 1398 festinans
1064 1366 1218 1409 tempus
1245 1361 1460 1408 legatorum

139 1431 380 1472 antecapere,
426 1436 526 1473 quos
572 1432 662 1462 ante
709 1423 900 1473 proelium
948 1426 1092 1462 factum
1139 1425 1190 1462 ab
1238 1426 1460 1463 Adherbale

139 1489 308 1525 Romam
339 1487 477 1526 missos
506 1488 719 1526 audiuerat.
940 1525 942 1529 .

217 1552 295 1590 Sed
332 1560 541 1601 postquam
580 1560 736 1590 senatus
775 1553 824 1592 de
863 1553 966 1592 bello
1005 1567 1139 1591 eorum
1181 1554 1344 1603 accepit,
1385 1562 1504 1601 tres4

138 1616 410 1655 adulescentes
436 1617 475 1653 in
500 1617 670 1654 Africam
700 1618 886 1667 legantur,
912 1617 977 1667 qui
1004 1619 1143 1656 ambos
1170 1631 1279 1668 reges
1305 1619 1460 1664 adeant,

139 1689 298 1719 senatus
326 1681 540 1730 populique
562 1681 733 1719 Romani
753 1681 882 1719 uerbis
908 1683 1091 1720 nuntient
1111 1683 1213 1720 uelle
1238 1690 1275 1721 et
1302 1696 1461 1721 censere

140 1757 206 1783 eos
226 1745 275 1782 ab
295 1745 411 1782 armis
428 1745 639 1792 discedere,
656 1748 700 1783 de
716 1747 984 1784 controuersiis
1003 1748 1084 1784 suis
1103 1747 1186 1783 iure
1195 1748 1330 1796 potius
1347 1761 1461 1795 quam

138 1809 227 1846 bello
254 1810 480 1858 disceptare:
519 1808 572 1846 ita
601 1822 720 1858 seque
752 1809 905 1858 illisque
935 1809 1095 1859 dignum
1127 1822 1220 1848 esse.
1278 1810 1393 1859 legati
1423 1812 1459 1847 in
1480 1813 1538 1855 22

139 1874 308 1911 Africam
338 1879 577 1911 maturantes
605 1873 778 1920 ueniunt,
808 1886 855 1911 eo
885 1873 1007 1922 magis
1037 1875 1144 1922 quod
1175 1875 1338 1921 Romae,
1367 1875 1460 1912 dum

138 1935 330 1985 proficisci
364 1944 511 1985 parant,
544 1937 594 1974 de
625 1935 774 1986 proelio
805 1938 907 1975 facto
939 1944 978 1975 et
1008 1937 1301 1987 oppugnatione
1333 1937 1461 1976 Cirtae

139 2000 390 2048 audiebatur;
422 2001 491 2039 sed
514 2000 546 2038 is
573 2013 702 2039 rumor
730 2002 903 2039 clemens
931 2009 1022 2040 erat.
1081 2015 1248 2050 quorum
1276 2003 1461 2052 Iugurtha
1482 2015 1500 2038 2

139 2070 301 2113 accepta
342 2063 517 2102 oratione
562 2063 762 2114 respondit
806 2064 879 2103 sibi
917 2078 1046 2114 neque
1084 2065 1206 2102 maius
1251 2065 1460 2114 quicquam

139 2138 266 2175 neque
295 2127 421 2166 carius
447 2127 677 2166 auctoritate
705 2135 863 2166 senatus
891 2141 998 2166 esse:
1037 2131 1086 2166 ab
1116 2130 1381 2167 adulescentia
1410 2129 1461 2167 ita

139 2202 181 2228 se
207 2190 358 2229 enisum
386 2199 427 2229 ut
453 2193 503 2229 ab
532 2199 697 2240 optumo
726 2197 883 2240 quoque
914 2194 1163 2241 probaretur:
1198 2193 1351 2238 uirtute,
1380 2205 1460 2230 non

140 2253 288 2291 malitia
309 2256 350 2292 P.
374 2255 548 2303 Scipioni
571 2268 724 2292 summo
752 2255 835 2292 uiro
862 2255 1078 2304 placuisse:
1108 2256 1159 2293 ob
1186 2257 1342 2293 easdem
1371 2255 1460 2292 artis

246 2345 276 2371 S·
1334 2350 1351 2372 2
