1596 2495
179 126 226 159 82
462 121 551 158 DE
586 119 784 157 BELLO
820 117 1217 156 JUGURTHINO

178 224 347 270 adcedit,
379 236 425 261 ac
459 222 589 260 statim
623 220 736 270 signo
769 221 863 259 dato
902 219 1077 268 undique
1116 221 1230 257 simul
1269 233 1315 258 ex
1354 219 1502 258 insidiis

138 298 158 336 7
179 288 385 327 inuaditur.
444 287 560 325 ceteri
592 284 837 332 obttuncati:
874 285 1062 332 Iugurtha
1091 285 1220 322 Sullae
1248 284 1405 322 uinctus
1433 292 1503 323 tra-

180 353 283 392 ditur
301 360 339 391 et
359 353 408 390 ab
428 364 476 390 eo
497 351 547 388 ad
570 348 738 388 Marium
760 349 954 387 deductus
973 354 1042 386 est.

77 422 162 466 114
261 419 334 455 Per
362 416 466 454 idem
497 423 650 464 tempus
680 415 892 453 aduorsum
923 414 1056 452 Gallos
1086 414 1136 451 ab
1166 411 1334 451 ducibus
1362 413 1503 452 nostris

181 480 228 527 Q.
269 478 469 529 Caepione
498 485 536 516 et
565 478 637 517 Cn.
671 475 823 514 Manlio
853 477 954 514 male
993 481 1219 525 pugnatum.
1279 487 1358 524 quo
1395 483 1503 514 metu

140 545 296 583 21talia
342 543 468 582 omnis
515 542 762 581 contremuit.
820 541 955 591 illique
994 549 1032 580 et
1069 554 1194 591 usque
1231 541 1284 579 ad
1329 548 1501 580 nostram

180 608 407 648 memoriam
439 606 610 646 Romani
638 606 694 645 sic
721 607 921 645 habuere:
968 605 1044 643 alia
1081 605 1214 643 omnia
1241 603 1374 643 uirtuti
1411 618 1503 645 suae

180 687 304 725 prona
332 686 427 718 esse,
460 685 550 710 eum
580 672 704 710 Gallis
733 684 805 721 pro
835 672 973 715 salute,
995 682 1075 708 non
1104 682 1175 719 pro
1202 668 1326 719 gloria
1353 668 1500 708 certari.

140 749 160 784 3
182 740 251 778 sed
271 744 479 788 postquam
501 737 648 774 bellum
669 735 709 774 in
739 735 926 774 Numidia
955 735 1177 773 confectum
1206 741 1246 772 et
1275 734 1503 783 Iugurtham

185 806 355 842 Romam
392 801 567 839 uinctum
614 800 758 838 adduci
800 799 1020 838 nuntiatum
1065 805 1134 845 est,
1176 798 1324 836 Marius
1366 800 1504 838 consul

184 869 324 905 absens
362 867 486 903 factus
525 871 595 910 est,
635 872 674 903 et
710 865 747 903 ei
785 864 941 902 decreta
978 862 1182 912 prouincia
1219 863 1358 909 Gallia,
1393 863 1503 912 isque

143 940 166 974 4
185 929 357 968 calendis
379 927 570 966 Ianuariis
590 940 732 976 magna
751 926 872 976 gloria
901 927 1038 964 consul
1066 924 1332 973 triumphauit.
1391 933 1430 964 et
1459 939 1504 964 ea

184 1000 415 1043 tempestate
434 1005 524 1041 spes
543 1000 662 1041 atque
681 1003 777 1041 opes
797 989 964 1028 ciuitatis
984 991 1023 1026 in
1042 989 1108 1026 illo
1129 988 1233 1026 sitae.
