1596 2495
134 97 182 133 74
499 87 538 123 C.
582 86 867 124 SALLUSTJ
913 87 1114 126 CRISPJ

132 187 338 237 didicerat)
377 189 569 226 exclamat
609 195 763 226 nostros
803 188 941 226 frustra
979 201 1177 238 pugnare:
1216 191 1335 240 paulo
1373 197 1464 229 ante

135 253 305 291 Marium
340 266 410 290 sua
444 267 563 290 manu
599 253 857 291 interfectum.
917 252 1032 291 simul
1066 254 1241 303 gladium
1275 255 1463 305 sanguine

134 318 301 356 oblitum
343 319 564 366 ostendere,
604 331 722 367 quern
763 317 803 356 in
843 331 976 368 pugna
1013 319 1104 357 satis
1143 319 1294 369 inpigre
1332 319 1464 358 occiso

93 393 111 430 7
134 382 265 432 pedite
304 389 437 420 nostro
475 389 758 421 cruentauerat.
818 382 925 432 quod
965 382 1031 421 ubi
1076 382 1219 422 milites
1264 396 1462 433 accepere,

134 447 258 497 magis
286 446 492 486 atrocitate
520 447 574 486 rei
609 460 725 497 quam
762 448 839 486 fide
873 446 999 486 nuntii
1034 455 1234 495 terrentur,
1270 448 1465 499 simulque

135 512 287 551 barbari
325 512 480 551 animos
519 514 656 551 tollere
695 521 734 551 et
774 513 813 550 in
850 514 1051 563 perculsos
1092 515 1297 552 Romanos
1341 513 1465 553 acrius

92 580 115 616 8
135 578 328 616 incedere.
399 578 555 628 iamque
594 579 754 629 paulum
792 591 816 616 a
860 580 948 629 fuga
994 579 1166 624 aberant,
1212 592 1304 617 curn
1349 580 1464 627 Sulla,

135 642 348 693 profligatis
368 642 433 689 eis,
451 657 551 693 quos
571 645 782 682 aduorsum
803 643 909 691 ierat,
931 644 1086 683 rediens
1106 646 1156 683 ab
1176 646 1297 684 latere
1319 644 1466 683 Mauris

94 718 116 754 9
136 708 305 747 incurrit.
365 710 545 747 Bocchus
593 709 723 748 statim
771 709 969 748 auortitur.
1035 717 1073 748 at
1122 711 1321 760 Iugurtha,
1371 711 1466 749 dum

137 781 355 812 sustentare
385 786 475 812 suos
506 782 544 812 et
575 787 699 824 prope
732 773 809 812 iam
843 775 1026 824 adeptam
1062 774 1267 813 uictoriam
1301 774 1468 814 retinere

137 837 256 887 cupit,
289 836 580 876 circumuentus
610 839 660 876 ab
691 837 900 887 equitibus,
931 839 1068 877 dextra
1096 838 1469 887 sinistra-omnibus
1498 846 1501 849 '

72 916 118 940 10
138 902 289 947 occisis,
310 903 417 940 solus
438 902 536 941 inter
557 904 635 940 tela
655 903 827 941 hostium
847 902 1088 942 uitabundus
1115 903 1292 953 erumpit.
1350 910 1468 953 atque

139 966 291 1005 interim
315 967 464 1004 Marius
490 966 632 1015 fugatis
658 965 855 1016 equitibus
882 967 1051 1006 adcurrit
1078 966 1224 1005 auxilio
1251 967 1340 1013 suis,
1369 980 1469 1017 quos

74 1041 115 1065 11
140 1031 232 1082 pelli
270 1031 349 1069 iam
386 1039 601 1080 acceperat.
660 1030 832 1081 denique
871 1031 1004 1070 hostes
1042 1031 1119 1069 iam
1164 1031 1340 1081 undique
1383 1031 1468 1069 fusi.

140 1104 221 1134 tum
262 1096 529 1145 spectaculum
568 1094 750 1134 horribile
787 1094 827 1133 in
866 1095 1015 1145 campis
1054 1095 1306 1145 patentibus:
1345 1094 1467 1145 sequi,

140 1162 283 1211 fugere,
323 1161 462 1208 occidi,
503 1161 602 1211 capi,
653 1160 743 1211 equi
786 1169 906 1212 atque
949 1161 1019 1199 uiri
1065 1161 1221 1208 adflicti,
1267 1175 1314 1199 ac
1358 1160 1471 1199 multi

141 1227 366 1265 uolneribus
386 1227 558 1277 acceptis
579 1240 707 1276 neque
728 1228 859 1276 fugere
881 1239 997 1276 posse
1019 1239 1148 1276 neque
1176 1226 1348 1276 quietem
1377 1227 1469 1276 pati,

141 1293 212 1331 niti
239 1293 358 1331 modo
384 1306 430 1330 ac
457 1292 584 1330 statim
614 1291 833 1337 concidere,
863 1300 1064 1340 postremo
1091 1291 1233 1338 onmia,
1263 1304 1340 1341 qua
1366 1290 1471 1329 uisus

141 1367 232 1405 erat,
263 1365 462 1396 constrata
488 1357 585 1403 telis,
613 1357 740 1403 armis,
769 1356 1036 1404 cadaueribus,
1066 1364 1104 1395 et
1130 1356 1230 1395 inter
1256 1369 1302 1395 ea
1327 1356 1471 1394 humus

140 1423 284 1462 infecta
307 1423 507 1473 sanguine.

33 1486 120 1530 102
224 1490 318 1526 Post
347 1501 392 1526 ea
421 1487 497 1526 loci
526 1488 664 1526 consul
692 1487 799 1525 haud
826 1486 945 1525 dubie
972 1486 1048 1524 iam
1075 1485 1201 1524 uictor
1226 1485 1406 1536 peruenit
1432 1485 1473 1523 in

104 1570 122 1594 2
144 1552 335 1603 oppidum
360 1554 522 1600 Cirtam,
548 1566 628 1602 quo
649 1552 761 1591 initio
788 1553 983 1602 profectus
1008 1552 1236 1590 intenderat.
1297 1564 1355 1597 eo,
1384 1559 1473 1601 post

145 1619 248 1657 diem
270 1618 447 1668 quintum
470 1632 588 1668 quam
609 1618 748 1657 iterum
770 1617 922 1655 barbari
942 1619 1044 1655 male
1062 1624 1341 1666 pugnauerant,
1358 1615 1474 1665 legati

145 1698 168 1723 a
193 1685 351 1722 Boccho
378 1684 552 1730 ueniunt,
575 1684 639 1734 qui
666 1681 765 1731 regis
791 1682 920 1720 uerbis
944 1682 994 1719 ab
1017 1681 1144 1734 Mario
1165 1680 1350 1730 petinere,
1374 1680 1474 1717 duos

147 1763 265 1800 quam
292 1749 514 1787 fidissumos
538 1750 587 1787 ad
611 1762 700 1787 eum
729 1750 920 1786 mitteret:
950 1747 1050 1784 uelle
1074 1747 1124 1784 de
1148 1759 1188 1784 se
1212 1753 1250 1784 et
1271 1746 1321 1783 de
1340 1743 1474 1794 populi

104 1821 124 1856 3
148 1814 319 1853 Romani
344 1815 557 1852 commodo
578 1827 668 1853 cum
689 1813 743 1852 eis
765 1813 961 1852 disserere.
1021 1811 1085 1848 ille
1105 1809 1234 1848 statim
1261 1810 1306 1847 L.
1326 1809 1474 1848 Sullam

147 1888 185 1919 et
205 1882 251 1918 A.
268 1881 461 1918 Manlium
483 1879 536 1918 ire
557 1879 673 1917 iubet.
724 1878 789 1928 qui
810 1888 1049 1927 quamquam
1071 1874 1184 1913 acciti
1204 1874 1324 1920 ibant,
1342 1880 1475 1911 tamen

149 1945 295 1995 placuit
323 1945 442 1983 uerba
465 1944 569 1994 apud
595 1957 727 1994 regem
747 1945 883 1988 facere,
906 1942 963 1979 uti
986 1940 1186 1990 ingenium
1207 1947 1273 1976 aut
1293 1950 1474 1976 auorsum

106 2017 130 2051 4
149 2011 349 2049 flecterent
369 2017 436 2048 aut
456 2009 643 2059 cupidum
664 2008 770 2058 pacis
791 2006 1062 2046 uehementius
1082 2004 1353 2042 accenderent.
1410 2001 1477 2039 ita-

149 2090 225 2125 que
253 2077 370 2122 Sulla,
392 2075 503 2113 cuius
527 2073 744 2119 facundiae,
766 2085 847 2110 non
871 2070 989 2109 aetati
1013 2083 1035 2108 a
1057 2069 1208 2107 Manlio
1230 2079 1474 2112 concessum,

149 2154 276 2190 pauca
296 2141 416 2178 uerba
435 2138 709 2178 huiuscemodi
728 2139 892 2176 locutus.
1316 2170 1325 2181 ,

109 2217 128 2254 5
232 2209 240 2225 ‘
258 2206 343 2242 Rex
373 2205 543 2251 Bocche,
575 2216 716 2252 magna
745 2200 892 2240 laetitia
920 2198 1034 2238 nobis
1063 2206 1133 2245 est,
1164 2210 1253 2235 cum
1288 2203 1326 2235 te
1360 2195 1475 2232 talem

149 2270 275 2306 uirum
314 2268 354 2306 di
393 2280 591 2313 monuere,
632 2266 687 2304 uti
725 2265 938 2315 aliquando
982 2276 1120 2313 pacem
1166 2274 1284 2312 quarn
1330 2260 1477 2299 bellum
