1596 2495
146 95 195 126 44
509 84 547 120 C.
592 84 885 121 SALLUSTJ
922 87 1119 123 CA’lSl’l

146 185 307 231 fuerant,
353 184 549 235 paulisper
591 185 708 223 territi
753 188 1038 236 perturbantur,
1083 188 1221 238 reliqui
1266 188 1345 227 cito
1387 193 1475 228 sub-

104 249 318 296 3ueui‘unt.
379 263 506 299 neque
545 249 688 288 (liutius
731 252 927 290 Numidae
965 253 1143 292 resistere
1177 253 1404 303 quiuissent,
1438 254 1478 294 ni

144 315 296 363 pedites
317 328 404 353 cum
429 315 625 364 equitibus
646 316 824 365 permixti
840 330 1022 368 magnam
1039 319 1192 358 cladem
1211 319 1249 357 in
1265 332 1478 370 congressu

144 380 328 417 facerent.
387 380 529 429 quibus
561 380 615 418 illi
646 380 732 419 freti
764 394 855 428 non,
889 383 945 420 uti
977 383 1147 432 equestri
1180 384 1330 433 proelio
1364 386 1475 432 solet,

145 445 265 494 sequi,
292 446 382 484 dein
411 447 562 493 cedere,
590 448 659 485 sed
685 446 863 485 aduorsis
888 446 999 496 equis
1023 461 1264 496 concurrere,
1291 448 1478 500 inplicare

145 524 189 548 ac
229 513 456 560 perturbare
495 511 634 559 aciem,
674 511 729 549 ita
767 512 960 561 expeditis
998 513 1197 562 peditibus
1237 514 1316 553 suis
1354 515 1477 554 hostis

66 577 126 621 60
145 589 271 624 paene
302 576 428 614 uictos
461 577 563 614 dare.
623 577 766 615 eodem
797 584 974 627 tempore
1007 579 1113 626 apud
1143 579 1304 617 Zamam
1336 592 1479 629 magna

145 641 183 678 ui
218 642 448 680 certabatur.
512 641 579 680 ubi
614 644 781 692 quisque
815 643 966 691 legatus
999 650 1067 680 aut
1098 643 1275 682 tribunus
1305 645 1477 692 curabat,

144 719 193 744 eo
222 719 423 744 acerrume
458 706 528 745 niti
563 720 692 756 neque
720 707 818 745 alius
849 707 888 745 in
917 707 994 746 alio
1024 708 1147 758 magis
1177 722 1295 758 quam
1324 709 1363 747 in
1393 723 1478 749 sese

144 784 255 819 spem
290 772 445 818 habere,
480 772 702 822 pariterque
741 772 931 822 oppidani
969 786 1106 822 agere:
1150 776 1378 823 obpugnare
1411 782 1477 812 aut

145 849 278 885 parare
309 837 493 875 omnibus
523 837 632 884 locis,
663 837 815 875 auidius
845 838 954 875 alteri
984 839 1127 876 alteros
1157 839 1330 877 sauciare
1359 852 1477 888 quam

106 919 123 942 2
145 900 268 941 semet
294 910 423 951 tegere
438 917 448 949 ;
478 904 626 941 clamor
652 903 866 952 permixtus
893 902 1116 941 hortatione
1145 902 1291 942 laetitia
1319 903 1478 953 gemitu,

145 967 237 1005 item
277 967 462 1017 strepitus
502 981 699 1006 armorum
742 968 795 1006 ad
832 969 986 1006 caelum
1020 967 1134 1014 ferri3
1173 969 1251 1006 tela
1283 969 1478 1018 utrimque

101 1047 121 1082 3
144 1033 287 1070 uolare.
348 1033 418 1070 sed
442 1032 496 1070 illi
518 1031 584 1082 qui
605 1032 761 1071 moenia
782 1033 1052 1079 defensabant,
1075 1032 1143 1070 ubi
1163 1033 1297 1072 hostes
1317 1035 1477 1082 paulum

145 1098 265 1135 modo
300 1110 472 1147 pugnam
507 1097 748 1145 remiserant,
783 1097 923 1136 intenti
958 1097 1147 1147 proelium
1180 1104 1361 1147 equestre
1394 1111 1477 1147 pro-

101 1175 124 1207 4
144 1164 384 1213 spectabant.
446 1176 525 1209 eos,
561 1163 617 1201 uti
651 1177 833 1213 quaeque
866 1164 1078 1213 Iugurthae
1109 1176 1169 1202 res
1202 1171 1322 1210 erant,
1354 1165 1477 1202 laetos

144 1229 276 1274 modo,
314 1230 435 1267 modo
475 1228 642 1278 pauidos
680 1228 1015 1267 animaduorteres
1053 1242 1110 1275 ae,
1145 1228 1259 1267 sicuti
1296 1229 1422 1268 audiri
1455 1243 1478 1268 a

144 1294 222 1332 suis
252 1301 319 1332 aut
349 1294 457 1332 cerni
488 1302 661 1344 possent,
694 1307 855 1333 monere
887 1294 962 1340 alii,
993 1294 1058 1332 alii
1090 1294 1233 1332 hortari
1262 1302 1329 1332 aut
1359 1307 1477 1331 manu

143 1359 359 1409 significare
397 1367 462 1397 aut
500 1358 571 1397 niti
609 1360 839 1409 corporibus
878 1368 915 1397 et
954 1372 1002 1397 ea
1040 1360 1115 1396 huc
1153 1368 1192 1398 et
1230 1359 1333 1406 illuc,
1367 1359 1477 1408 quasi

102 1435 121 1472 5
146 1424 350 1462 uitabundi
374 1433 441 1463 aut
466 1425 653 1464 iacientes
678 1427 766 1471 tela,
793 1424 948 1474 agitare.
1008 1425 1115 1474 quod
1141 1424 1208 1463 ubi
1237 1426 1365 1463 Mario
1388 1437 1478 1474 cog-

144 1490 269 1527 nitum
294 1498 353 1528 est
374 1490 481 1540 (nam
504 1491 535 1528 is
556 1491 594 1528 in
617 1504 662 1529 ea
682 1497 794 1540 parte
815 1491 995 1541 curabat)
1016 1491 1198 1528 consulto
1219 1490 1344 1527 lenius
1365 1502 1477 1539 agere

143 1569 188 1592 ac
227 1555 485 1593 diffidentiam
527 1556 580 1594 rei
615 1556 806 1602 simulare,
844 1556 924 1604 pati
960 1555 1157 1593 Numidas
1192 1554 1275 1593 sine
1308 1555 1476 1592 tumultu

101 1620 241 1670 6regis
280 1620 472 1669 proelium
514 1619 649 1659 uisere.
709 1621 763 1658 ita
800 1620 875 1658 illis
915 1620 1047 1658 studio
1085 1633 1244 1658 suorum
1283 1620 1477 1658 adstrictis

144 1692 304 1734 repente
330 1699 471 1734 magna
495 1685 534 1723 ui
562 1699 716 1724 murum
741 1685 972 1735 aggreditur.
1031 1692 1070 1723 et
1095 1685 1172 1723 iam
1197 1685 1309 1723 scalis
1335 1685 1478 1735 egressi

143 1751 285 1789 milites
317 1764 439 1800 prope
469 1764 626 1789 summa
658 1758 854 1800 ceperant,
888 1764 977 1788 cum
1010 1751 1197 1800 oppidani
1228 1757 1476 1795 concurrunt,

103 1816 304 1865 7lapides,
331 1817 471 1865 ignem,
499 1816 574 1854 alia
605 1825 807 1866 praeterea
838 1817 917 1854 tela
947 1816 1138 1866 ingerunt.
1198 1815 1319 1854 nostri
1350 1815 1477 1864 primo

142 1882 329 1927 resistere,
354 1882 511 1928 deinde,
535 1881 602 1920 ubi
629 1895 731 1920 unae
755 1889 873 1930 atque
898 1883 1041 1919 alterae
1062 1882 1189 1919 scalae
1209 1880 1475 1926 conminutae,

143 1947 209 1996 qui
230 1954 535 1996 supersteterant
554 1946 701 1984 adflicti
722 1955 823 1993 sunt,
846 1946 965 1985 ceteri
985 1959 1145 1996 quoquo
1163 1947 1284 1984 modo
1300 1953 1473 1995 potuere,

142 2011 257 2061 pauci
304 2011 453 2061 integri,
502 2024 642 2061 magna
691 2024 779 2060 pars
827 2011 1053 2049 uolneribus
1101 2009 1270 2048 consecti
1317 2010 1472 2047 abeunt.

101 2076 315 2125 Sdenique
353 2075 548 2125 utrimque
587 2076 780 2125 proelium
820 2090 898 2113 nox
936 2075 1102 2114 diremit.

64 2147 121 2190 61
226 2143 422 2187 Metellus,
444 2150 654 2190 postquam
682 2140 789 2179 uidet
815 2142 954 2178 frustra
981 2142 1193 2189 inceptum,
1218 2149 1344 2187 neque
1366 2137 1475 2188 oppi-

143 2210 237 2246 dum
268 2207 364 2257 capi,
397 2220 526 2256 neque
559 2207 789 2255 Iugurtham
823 2207 897 2243 nisi
928 2219 974 2244 ex
1005 2203 1156 2242 insidiis
1188 2210 1253 2240 aut
1285 2215 1356 2241 suo
1388 2204 1476 2241 loco

144 2287 313 2324 pugnam
351 2274 488 2319 facere,
523 2279 559 2310 et
595 2272 670 2309 iam
705 2279 892 2310 aestatem
929 2277 1104 2308 exactam
1142 2281 1237 2315 esse,
1276 2268 1325 2306 ab
1359 2269 1477 2305 Zama
