<?xml version="1.0" encoding="UTF-8"?>
<!DOCTYPE html PUBLIC "-//W3C//DTD XHTML 1.0 Transitional//EN"
    "http://www.w3.org/TR/xhtml1/DTD/xhtml1-transitional.dtd">
<html xmlns="http://www.w3.org/1999/xhtml" xml:lang="en" lang="en">
 <head>
  <title>
</title>
<meta http-equiv="Content-Type" content="text/html;charset=utf-8" />
  <meta name='ocr-system' content='tesseract 3.04.00' />
  <meta name='ocr-capabilities' content='ocr_page ocr_carea ocr_par ocr_line ocrx_word'/>
</head>
<body>
  <div class='ocr_page' id='page_1' title='image "./iugurtha00salluoft/iugurtha00salluoft_0104.png"; bbox 0 0 1596 2495; ppageno 0'>
   <div class='ocr_carea' id='block_1_1' title="bbox 117 93 1098 144">
    <p class='ocr_par' dir='ltr' id='par_1_1' title="bbox 117 93 1098 144">
     <span class='ocr_line' id='line_1_1' title="bbox 117 93 1098 144; baseline 0.002 -9"><span class='ocrx_word' id='word_1_1' title='bbox 117 100 167 144; x_wconf 79' lang='lat'>64</span> <span class='ocrx_word' id='word_1_2' title='bbox 484 100 522 137; x_wconf 89' lang='lat' dir='ltr'>C.</span> <span class='ocrx_word' id='word_1_3' title='bbox 567 100 710 137; x_wconf 83' lang='lat' dir='ltr'><em>SALL</em></span> <span class='ocrx_word' id='word_1_4' title='bbox 721 93 860 137; x_wconf 72' lang='lat' dir='ltr'>USJJ</span> <span class='ocrx_word' id='word_1_5' title='bbox 897 99 1098 137; x_wconf 68' lang='lat' dir='ltr'><em>CRJSPl</em></span> 
     </span>
    </p>
   </div>
   <div class='ocr_carea' id='block_1_2' title="bbox 34 199 1449 2068">
    <p class='ocr_par' dir='ltr' id='par_1_2' title="bbox 34 199 1449 2068">
     <span class='ocr_line' id='line_1_2' title="bbox 115 199 1449 251; baseline 0.004 -14"><span class='ocrx_word' id='word_1_6' title='bbox 115 199 302 238; x_wconf 84' lang='lat' dir='ltr'>militibus</span> <span class='ocrx_word' id='word_1_7' title='bbox 336 201 468 238; x_wconf 86' lang='lat' dir='ltr'>donat.</span> <span class='ocrx_word' id='word_1_8' title='bbox 527 199 620 238; x_wconf 91' lang='lat' dir='ltr'>dein</span> <span class='ocrx_word' id='word_1_9' title='bbox 655 201 815 238; x_wconf 86' lang='lat' dir='ltr'>castella</span> <span class='ocrx_word' id='word_1_10' title='bbox 848 208 886 239; x_wconf 88' lang='lat' dir='ltr'>et</span> <span class='ocrx_word' id='word_1_11' title='bbox 921 200 1071 251; x_wconf 86' lang='lat' dir='ltr'>oppida</span> <span class='ocrx_word' id='word_1_12' title='bbox 1105 210 1244 241; x_wconf 87' lang='lat' dir='ltr'>natura</span> <span class='ocrx_word' id='word_1_13' title='bbox 1281 211 1320 242; x_wconf 92' lang='lat' dir='ltr'>et</span> <span class='ocrx_word' id='word_1_14' title='bbox 1358 202 1449 242; x_wconf 88' lang='lat' dir='ltr'>uiris</span> 
     </span>
     <span class='ocr_line' id='line_1_3' title="bbox 114 264 1446 315; baseline 0.003 -13"><span class='ocrx_word' id='word_1_15' title='bbox 114 277 250 315; x_wconf 84' lang='lat' dir='ltr'>parum</span> <span class='ocrx_word' id='word_1_16' title='bbox 296 265 446 302; x_wconf 71' lang='lat' dir='ltr'>munita</span> <span class='ocrx_word' id='word_1_17' title='bbox 488 264 719 314; x_wconf 75' lang='lat' dir='ltr'>aggreditur,</span> <span class='ocrx_word' id='word_1_18' title='bbox 759 266 907 314; x_wconf 74' lang='lat' dir='ltr'>proclia</span> <span class='ocrx_word' id='word_1_19' title='bbox 950 267 1081 313; x_wconf 91' lang='lat' dir='ltr'>multa,</span> <span class='ocrx_word' id='word_1_20' title='bbox 1122 276 1295 306; x_wconf 85' lang='lat' dir='ltr'>ceterum</span> <span class='ocrx_word' id='word_1_21' title='bbox 1334 268 1446 314; x_wconf 89' lang='lat' dir='ltr'>leuia,</span> 
     </span>
     <span class='ocr_line' id='line_1_4' title="bbox 74 328 1448 372; baseline 0.004 -5"><span class='ocrx_word' id='word_1_22' title='bbox 74 331 188 368; x_wconf 77' lang='lat' dir='ltr'>zalia</span> <span class='ocrx_word' id='word_1_23' title='bbox 232 328 316 368; x_wconf 89' lang='lat' dir='ltr'>aliis</span> <span class='ocrx_word' id='word_1_24' title='bbox 358 329 454 368; x_wconf 92' lang='lat' dir='ltr'>locis</span> <span class='ocrx_word' id='word_1_25' title='bbox 492 331 630 368; x_wconf 85' lang='lat' dir='ltr'>facere.</span> <span class='ocrx_word' id='word_1_26' title='bbox 709 330 862 368; x_wconf 78' lang='lat' dir='ltr'>interim</span> <span class='ocrx_word' id='word_1_27' title='bbox 901 330 996 369; x_wconf 91' lang='lat' dir='ltr'>noui</span> <span class='ocrx_word' id='word_1_28' title='bbox 1034 331 1176 370; x_wconf 84' lang='lat' dir='ltr'>milites</span> <span class='ocrx_word' id='word_1_29' title='bbox 1215 332 1300 371; x_wconf 88' lang='lat' dir='ltr'>sine</span> <span class='ocrx_word' id='word_1_30' title='bbox 1341 340 1448 372; x_wconf 90' lang='lat' dir='ltr'>metu</span> 
     </span>
     <span class='ocr_line' id='line_1_5' title="bbox 114 395 1447 446; baseline 0.002 -12"><span class='ocrx_word' id='word_1_31' title='bbox 114 409 268 446; x_wconf 79' lang='lat' dir='ltr'><strong>pugnae</strong></span> <span class='ocrx_word' id='word_1_32' title='bbox 292 395 441 442; x_wconf 85' lang='lat' dir='ltr'>adesse,</span> <span class='ocrx_word' id='word_1_33' title='bbox 464 395 598 434; x_wconf 87' lang='lat' dir='ltr'>uidere</span> <span class='ocrx_word' id='word_1_34' title='bbox 622 395 805 446; x_wconf 79' lang='lat' dir='ltr'>fugientis</span> <span class='ocrx_word' id='word_1_35' title='bbox 826 396 913 445; x_wconf 90' lang='lat' dir='ltr'>capi</span> <span class='ocrx_word' id='word_1_36' title='bbox 933 404 1000 435; x_wconf 90' lang='lat' dir='ltr'>aut</span> <span class='ocrx_word' id='word_1_37' title='bbox 1020 396 1158 445; x_wconf 92' lang='lat' dir='ltr'>occidi,</span> <span class='ocrx_word' id='word_1_38' title='bbox 1181 398 1447 437; x_wconf 86' lang='lat' dir='ltr'>fortissumum</span> 
     </span>
     <span class='ocr_line' id='line_1_6' title="bbox 113 460 1447 513; baseline 0.002 -14"><span class='ocrx_word' id='word_1_39' title='bbox 113 474 310 511; x_wconf 83' lang='lat' dir='ltr'>quemque</span> <span class='ocrx_word' id='word_1_40' title='bbox 331 460 591 507; x_wconf 87' lang='lat' dir='ltr'>tutissumum,</span> <span class='ocrx_word' id='word_1_41' title='bbox 610 461 726 500; x_wconf 90' lang='lat' dir='ltr'>armis</span> <span class='ocrx_word' id='word_1_42' title='bbox 746 461 977 509; x_wconf 88' lang='lat' dir='ltr'>libertatem,</span> <span class='ocrx_word' id='word_1_43' title='bbox 999 461 1165 512; x_wconf 85' lang='lat' dir='ltr'>patriam</span> <span class='ocrx_word' id='word_1_44' title='bbox 1187 470 1447 513; x_wconf 84' lang='lat' dir='ltr'>parentesque</span> 
     </span>
     <span class='ocr_line' id='line_1_7' title="bbox 71 525 1448 576; baseline 0.001 -12"><span class='ocrx_word' id='word_1_45' title='bbox 71 537 91 571; x_wconf 85' lang='lat'><em>3</em></span> <span class='ocrx_word' id='word_1_46' title='bbox 112 534 150 564; x_wconf 89' lang='lat' dir='ltr'>et</span> <span class='ocrx_word' id='word_1_47' title='bbox 171 526 245 564; x_wconf 88' lang='lat' dir='ltr'>alia</span> <span class='ocrx_word' id='word_1_48' title='bbox 272 525 404 564; x_wconf 88' lang='lat' dir='ltr'>omnia</span> <span class='ocrx_word' id='word_1_49' title='bbox 430 526 519 576; x_wconf 88' lang='lat' dir='ltr'>tegi,</span> <span class='ocrx_word' id='word_1_50' title='bbox 541 527 706 576; x_wconf 83' lang='lat' dir='ltr'>gloriam</span> <span class='ocrx_word' id='word_1_51' title='bbox 733 534 854 576; x_wconf 88' lang='lat' dir='ltr'>atque</span> <span class='ocrx_word' id='word_1_52' title='bbox 881 525 1038 565; x_wconf 85' lang='lat' dir='ltr'>diuitias</span> <span class='ocrx_word' id='word_1_53' title='bbox 1059 527 1201 576; x_wconf 89' lang='lat' dir='ltr'>quaeri.</span> <span class='ocrx_word' id='word_1_54' title='bbox 1262 526 1317 566; x_wconf 88' lang='lat' dir='ltr'>sic</span> <span class='ocrx_word' id='word_1_55' title='bbox 1337 527 1448 567; x_wconf 89' lang='lat' dir='ltr'>breui</span> 
     </span>
     <span class='ocr_line' id='line_1_8' title="bbox 111 591 1448 643; baseline 0.002 -14"><span class='ocrx_word' id='word_1_56' title='bbox 111 591 239 642; x_wconf 90' lang='lat' dir='ltr'>spatio</span> <span class='ocrx_word' id='word_1_57' title='bbox 266 591 360 630; x_wconf 91' lang='lat' dir='ltr'>noui</span> <span class='ocrx_word' id='word_1_58' title='bbox 386 600 617 641; x_wconf 86' lang='lat' dir='ltr'>ueteresque</span> <span class='ocrx_word' id='word_1_59' title='bbox 647 593 826 631; x_wconf 86' lang='lat' dir='ltr'>coaluere</span> <span class='ocrx_word' id='word_1_60' title='bbox 855 599 894 630; x_wconf 91' lang='lat' dir='ltr'>et</span> <span class='ocrx_word' id='word_1_61' title='bbox 922 591 1044 630; x_wconf 91' lang='lat' dir='ltr'>uirtus</span> <span class='ocrx_word' id='word_1_62' title='bbox 1071 592 1248 630; x_wconf 90' lang='lat' dir='ltr'>omnium</span> <span class='ocrx_word' id='word_1_63' title='bbox 1275 594 1448 643; x_wconf 83' lang='lat' dir='ltr'>aequalis</span> 
     </span>
     <span class='ocr_line' id='line_1_9' title="bbox 69 656 1447 708; baseline 0.001 -12"><span class='ocrx_word' id='word_1_64' title='bbox 69 668 93 701; x_wconf 73' lang='lat'>4</span> <span class='ocrx_word' id='word_1_65' title='bbox 111 658 223 696; x_wconf 88' lang='lat' dir='ltr'>facta.</span> <span class='ocrx_word' id='word_1_66' title='bbox 263 666 321 696; x_wconf 28' lang='lat' dir='ltr'>rat</span> <span class='ocrx_word' id='word_1_67' title='bbox 347 671 469 707; x_wconf 89' lang='lat' dir='ltr'>reges,</span> <span class='ocrx_word' id='word_1_68' title='bbox 496 657 564 696; x_wconf 88' lang='lat' dir='ltr'>ubi</span> <span class='ocrx_word' id='word_1_69' title='bbox 592 658 641 696; x_wconf 95' lang='lat' dir='ltr'>de</span> <span class='ocrx_word' id='word_1_70' title='bbox 668 658 842 696; x_wconf 86' lang='lat' dir='ltr'>aduentu</span> <span class='ocrx_word' id='word_1_71' title='bbox 865 656 966 695; x_wconf 87' lang='lat' dir='ltr'>Mari</span> <span class='ocrx_word' id='word_1_72' title='bbox 995 666 1276 708; x_wconf 86' lang='lat' dir='ltr'>cognouerunt,</span> <span class='ocrx_word' id='word_1_73' title='bbox 1303 658 1447 698; x_wconf 92' lang='lat' dir='ltr'>diuorsi</span> 
     </span>
     <span class='ocr_line' id='line_1_10' title="bbox 111 722 1447 773; baseline 0.001 -13"><span class='ocrx_word' id='word_1_74' title='bbox 111 722 150 760; x_wconf 87' lang='lat' dir='ltr'>in</span> <span class='ocrx_word' id='word_1_75' title='bbox 178 724 288 762; x_wconf 87' lang='lat' dir='ltr'>locos</span> <span class='ocrx_word' id='word_1_76' title='bbox 315 722 482 761; x_wconf 86' lang='lat' dir='ltr'>difficilis</span> <span class='ocrx_word' id='word_1_77' title='bbox 506 724 665 761; x_wconf 91' lang='lat' dir='ltr'>abeunt.</span> <span class='ocrx_word' id='word_1_78' title='bbox 725 723 778 761; x_wconf 88' lang='lat' dir='ltr'>ita</span> <span class='ocrx_word' id='word_1_79' title='bbox 802 723 1016 772; x_wconf 83' lang='lat' dir='ltr'>Iugurthae</span> <span class='ocrx_word' id='word_1_80' title='bbox 1043 723 1254 772; x_wconf 85' lang='lat' dir='ltr'>placuerat,</span> <span class='ocrx_word' id='word_1_81' title='bbox 1277 725 1447 773; x_wconf 89' lang='lat' dir='ltr'>speranti</span> 
     </span>
     <span class='ocr_line' id='line_1_11' title="bbox 112 786 1447 839; baseline 0.001 -13"><span class='ocrx_word' id='word_1_82' title='bbox 112 801 204 827; x_wconf 88' lang='lat' dir='ltr'>mox</span> <span class='ocrx_word' id='word_1_83' title='bbox 230 789 373 826; x_wconf 86' lang='lat' dir='ltr'>effusos</span> <span class='ocrx_word' id='word_1_84' title='bbox 397 787 521 826; x_wconf 87' lang='lat' dir='ltr'>hostis</span> <span class='ocrx_word' id='word_1_85' title='bbox 547 787 682 826; x_wconf 86' lang='lat' dir='ltr'>inuadi</span> <span class='ocrx_word' id='word_1_86' title='bbox 703 801 842 837; x_wconf 89' lang='lat' dir='ltr'>posse:</span> <span class='ocrx_word' id='word_1_87' title='bbox 878 789 1082 826; x_wconf 87' lang='lat' dir='ltr'>Romanos</span> <span class='ocrx_word' id='word_1_88' title='bbox 1104 786 1217 826; x_wconf 90' lang='lat' dir='ltr'>sicuti</span> <span class='ocrx_word' id='word_1_89' title='bbox 1238 789 1447 839; x_wconf 90' lang='lat' dir='ltr'>plerosque</span> 
     </span>
     <span class='ocr_line' id='line_1_12' title="bbox 34 852 1447 902; baseline 0.001 -12"><span class='ocrx_word' id='word_1_90' title='bbox 34 854 91 897; x_wconf 79' lang='lat'>88</span> <span class='ocrx_word' id='word_1_91' title='bbox 113 860 263 892; x_wconf 84' lang='lat' dir='ltr'>remoto</span> <span class='ocrx_word' id='word_1_92' title='bbox 291 860 397 891; x_wconf 89' lang='lat' dir='ltr'>metu</span> <span class='ocrx_word' id='word_1_93' title='bbox 424 852 547 890; x_wconf 83' lang='lat' dir='ltr'>laxius</span> <span class='ocrx_word' id='word_1_94' title='bbox 574 852 834 902; x_wconf 85' lang='lat' dir='ltr'>licentiusque</span> <span class='ocrx_word' id='word_1_95' title='bbox 860 853 1021 891; x_wconf 88' lang='lat' dir='ltr'>futuros.</span> <span class='ocrx_word' id='word_1_96' title='bbox 1082 853 1269 890; x_wconf 88' lang='lat' dir='ltr'>Metellus</span> <span class='ocrx_word' id='word_1_97' title='bbox 1298 852 1447 892; x_wconf 86' lang='lat' dir='ltr'>interea</span> 
     </span>
     <span class='ocr_line' id='line_1_13' title="bbox 113 917 1446 968; baseline 0.002 -12"><span class='ocrx_word' id='word_1_98' title='bbox 113 920 284 956; x_wconf 88' lang='lat' dir='ltr'>Romam</span> <span class='ocrx_word' id='word_1_99' title='bbox 323 919 521 968; x_wconf 89' lang='lat' dir='ltr'>profectus</span> <span class='ocrx_word' id='word_1_100' title='bbox 559 925 695 956; x_wconf 86' lang='lat' dir='ltr'>contra</span> <span class='ocrx_word' id='word_1_101' title='bbox 733 931 845 968; x_wconf 89' lang='lat' dir='ltr'>spem</span> <span class='ocrx_word' id='word_1_102' title='bbox 885 932 997 956; x_wconf 89' lang='lat' dir='ltr'>suam</span> <span class='ocrx_word' id='word_1_103' title='bbox 1036 917 1269 957; x_wconf 83' lang='lat' dir='ltr'>laetissumis</span> <span class='ocrx_word' id='word_1_104' title='bbox 1306 919 1446 958; x_wconf 89' lang='lat' dir='ltr'>animis</span> 
     </span>
     <span class='ocr_line' id='line_1_14' title="bbox 111 983 1444 1034; baseline 0.002 -13"><span class='ocrx_word' id='word_1_105' title='bbox 111 983 310 1033; x_wconf 75' lang='lat' dir='ltr'>excipitur,</span> <span class='ocrx_word' id='word_1_106' title='bbox 344 983 450 1033; x_wconf 89' lang='lat' dir='ltr'>plebi</span> <span class='ocrx_word' id='word_1_107' title='bbox 483 983 750 1033; x_wconf 82' lang='lat' dir='ltr'>patribusque,</span> <span class='ocrx_word' id='word_1_108' title='bbox 783 993 995 1034; x_wconf 90' lang='lat' dir='ltr'>postquam</span> <span class='ocrx_word' id='word_1_109' title='bbox 1030 983 1176 1021; x_wconf 86' lang='lat' dir='ltr'>inuidia</span> <span class='ocrx_word' id='word_1_110' title='bbox 1212 985 1444 1032; x_wconf 84' lang='lat' dir='ltr'>decesserat,</span> 
     </span>
     <span class='ocr_line' id='line_1_15' title="bbox 71 1048 1446 1099; baseline 0.002 -14"><span class='ocrx_word' id='word_1_111' title='bbox 71 1061 90 1084; x_wconf 92' lang='lat'><em>2</em></span> <span class='ocrx_word' id='word_1_112' title='bbox 111 1048 217 1086; x_wconf 81' lang='lat' dir='ltr'>iuxta</span> <span class='ocrx_word' id='word_1_113' title='bbox 246 1061 368 1086; x_wconf 90' lang='lat' dir='ltr'>carus.</span> <span class='ocrx_word' id='word_1_114' title='bbox 428 1049 497 1087; x_wconf 90' lang='lat' dir='ltr'>sed</span> <span class='ocrx_word' id='word_1_115' title='bbox 528 1049 678 1087; x_wconf 88' lang='lat' dir='ltr'>Marius</span> <span class='ocrx_word' id='word_1_116' title='bbox 707 1048 856 1099; x_wconf 85' lang='lat' dir='ltr'>inpigre</span> <span class='ocrx_word' id='word_1_117' title='bbox 890 1050 1181 1099; x_wconf 85' lang='lat' dir='ltr'>prudenterque</span> <span class='ocrx_word' id='word_1_118' title='bbox 1215 1062 1374 1088; x_wconf 89' lang='lat' dir='ltr'>suorum</span> <span class='ocrx_word' id='word_1_119' title='bbox 1407 1058 1446 1089; x_wconf 88' lang='lat' dir='ltr'>et</span> 
     </span>
     <span class='ocr_line' id='line_1_16' title="bbox 110 1113 1446 1164; baseline 0.001 -12"><span class='ocrx_word' id='word_1_120' title='bbox 110 1113 282 1152; x_wconf 85' lang='lat' dir='ltr'>hostium</span> <span class='ocrx_word' id='word_1_121' title='bbox 304 1126 362 1151; x_wconf 90' lang='lat' dir='ltr'>res</span> <span class='ocrx_word' id='word_1_122' title='bbox 383 1113 527 1162; x_wconf 90' lang='lat' dir='ltr'>pariter</span> <span class='ocrx_word' id='word_1_123' title='bbox 546 1115 772 1160; x_wconf 85' lang='lat' dir='ltr'>adtendere,</span> <span class='ocrx_word' id='word_1_124' title='bbox 788 1127 1025 1163; x_wconf 80' lang='lat' dir='ltr'>cognoscere</span> <span class='ocrx_word' id='word_1_125' title='bbox 1046 1114 1140 1163; x_wconf 88' lang='lat' dir='ltr'>quid</span> <span class='ocrx_word' id='word_1_126' title='bbox 1162 1113 1255 1152; x_wconf 86' lang='lat' dir='ltr'>boui</span> <span class='ocrx_word' id='word_1_127' title='bbox 1273 1114 1446 1164; x_wconf 81' lang='lat' dir='ltr'>utrisque</span> 
     </span>
     <span class='ocr_line' id='line_1_17' title="bbox 111 1177 1446 1228; baseline 0.001 -12"><span class='ocrx_word' id='word_1_128' title='bbox 111 1188 176 1217; x_wconf 83' lang='lat' dir='ltr'>aut</span> <span class='ocrx_word' id='word_1_129' title='bbox 199 1186 335 1218; x_wconf 87' lang='lat' dir='ltr'>contra</span> <span class='ocrx_word' id='word_1_130' title='bbox 355 1187 468 1226; x_wconf 91' lang='lat' dir='ltr'>esset,</span> <span class='ocrx_word' id='word_1_131' title='bbox 490 1180 694 1227; x_wconf 86' lang='lat' dir='ltr'>explorare</span> <span class='ocrx_word' id='word_1_132' title='bbox 715 1178 854 1217; x_wconf 88' lang='lat' dir='ltr'>itinera</span> <span class='ocrx_word' id='word_1_133' title='bbox 873 1192 1020 1228; x_wconf 82' lang='lat' dir='ltr'>regum,</span> <span class='ocrx_word' id='word_1_134' title='bbox 1042 1177 1206 1216; x_wconf 89' lang='lat' dir='ltr'>consilia</span> <span class='ocrx_word' id='word_1_135' title='bbox 1226 1186 1265 1217; x_wconf 91' lang='lat' dir='ltr'>et</span> <span class='ocrx_word' id='word_1_136' title='bbox 1284 1177 1446 1217; x_wconf 89' lang='lat' dir='ltr'>insidias</span> 
     </span>
     <span class='ocr_line' id='line_1_18' title="bbox 111 1242 1445 1292; baseline -0.001 -10"><span class='ocrx_word' id='word_1_137' title='bbox 111 1257 244 1282; x_wconf 89' lang='lat' dir='ltr'>eorum</span> <span class='ocrx_word' id='word_1_138' title='bbox 273 1242 510 1289; x_wconf 89' lang='lat' dir='ltr'>anteuenire,</span> <span class='ocrx_word' id='word_1_139' title='bbox 533 1242 628 1280; x_wconf 89' lang='lat' dir='ltr'>nihil</span> <span class='ocrx_word' id='word_1_140' title='bbox 655 1244 761 1292; x_wconf 87' lang='lat' dir='ltr'>apud</span> <span class='ocrx_word' id='word_1_141' title='bbox 788 1256 829 1281; x_wconf 91' lang='lat' dir='ltr'>se</span> <span class='ocrx_word' id='word_1_142' title='bbox 853 1242 1056 1281; x_wconf 88' lang='lat' dir='ltr'>remissum</span> <span class='ocrx_word' id='word_1_143' title='bbox 1083 1255 1211 1292; x_wconf 86' lang='lat' dir='ltr'>neque</span> <span class='ocrx_word' id='word_1_144' title='bbox 1232 1243 1338 1292; x_wconf 87' lang='lat' dir='ltr'>apud</span> <span class='ocrx_word' id='word_1_145' title='bbox 1358 1243 1445 1281; x_wconf 90' lang='lat' dir='ltr'>illos</span> 
     </span>
     <span class='ocr_line' id='line_1_19' title="bbox 69 1308 1445 1358; baseline -0.001 -12"><span class='ocrx_word' id='word_1_146' title='bbox 69 1316 236 1354; x_wconf 82' lang='lat' dir='ltr'>3tutum</span> <span class='ocrx_word' id='word_1_147' title='bbox 275 1308 365 1358; x_wconf 89' lang='lat' dir='ltr'>pati.</span> <span class='ocrx_word' id='word_1_148' title='bbox 426 1308 559 1358; x_wconf 86' lang='lat' dir='ltr'>itaque</span> <span class='ocrx_word' id='word_1_149' title='bbox 598 1316 636 1347; x_wconf 89' lang='lat' dir='ltr'>et</span> <span class='ocrx_word' id='word_1_150' title='bbox 675 1309 864 1347; x_wconf 90' lang='lat' dir='ltr'>Gaetulos</span> <span class='ocrx_word' id='word_1_151' title='bbox 903 1315 942 1346; x_wconf 89' lang='lat' dir='ltr'>et</span> <span class='ocrx_word' id='word_1_152' title='bbox 981 1308 1210 1358; x_wconf 84' lang='lat' dir='ltr'>Iugurtham</span> <span class='ocrx_word' id='word_1_153' title='bbox 1249 1321 1297 1346; x_wconf 86' lang='lat' dir='ltr'>ex</span> <span class='ocrx_word' id='word_1_154' title='bbox 1329 1308 1445 1346; x_wconf 93' lang='lat' dir='ltr'>sociis</span> 
     </span>
     <span class='ocr_line' id='line_1_20' title="bbox 110 1373 1442 1423; baseline 0 -11"><span class='ocrx_word' id='word_1_155' title='bbox 110 1373 250 1412; x_wconf 92' lang='lat' dir='ltr'>nostris</span> <span class='ocrx_word' id='word_1_156' title='bbox 282 1374 447 1423; x_wconf 82' lang='lat' dir='ltr'>praedas</span> <span class='ocrx_word' id='word_1_157' title='bbox 477 1373 627 1423; x_wconf 88' lang='lat' dir='ltr'>agentis</span> <span class='ocrx_word' id='word_1_158' title='bbox 660 1386 779 1422; x_wconf 87' lang='lat' dir='ltr'>saepe</span> <span class='ocrx_word' id='word_1_159' title='bbox 810 1387 1011 1423; x_wconf 77' lang='lat' dir='ltr'>aggressus</span> <span class='ocrx_word' id='word_1_160' title='bbox 1041 1373 1081 1411; x_wconf 91' lang='lat' dir='ltr'>in</span> <span class='ocrx_word' id='word_1_161' title='bbox 1112 1373 1250 1411; x_wconf 85' lang='lat' dir='ltr'>itinere</span> <span class='ocrx_word' id='word_1_162' title='bbox 1279 1375 1442 1419; x_wconf 87' lang='lat' dir='ltr'>fuderat,</span> 
     </span>
     <span class='ocr_line' id='line_1_21' title="bbox 108 1437 1443 1488; baseline 0 -12"><span class='ocrx_word' id='word_1_163' title='bbox 108 1437 322 1488; x_wconf 89' lang='lat' dir='ltr'>ipsumque</span> <span class='ocrx_word' id='word_1_164' title='bbox 350 1451 481 1488; x_wconf 87' lang='lat' dir='ltr'>regem</span> <span class='ocrx_word' id='word_1_165' title='bbox 510 1439 616 1477; x_wconf 89' lang='lat' dir='ltr'>haud</span> <span class='ocrx_word' id='word_1_166' title='bbox 645 1439 781 1488; x_wconf 90' lang='lat' dir='ltr'>procul</span> <span class='ocrx_word' id='word_1_167' title='bbox 810 1439 861 1476; x_wconf 87' lang='lat' dir='ltr'>ab</span> <span class='ocrx_word' id='word_1_168' title='bbox 891 1437 1039 1488; x_wconf 85' lang='lat' dir='ltr'>oppido</span> <span class='ocrx_word' id='word_1_169' title='bbox 1072 1439 1179 1476; x_wconf 88' lang='lat' dir='ltr'>Cirta</span> <span class='ocrx_word' id='word_1_170' title='bbox 1207 1437 1324 1476; x_wconf 87' lang='lat' dir='ltr'>armis</span> <span class='ocrx_word' id='word_1_171' title='bbox 1353 1452 1443 1477; x_wconf 87' lang='lat' dir='ltr'>exu-</span> 
     </span>
     <span class='ocr_line' id='line_1_22' title="bbox 66 1502 1445 1552; baseline 0 -12"><span class='ocrx_word' id='word_1_172' title='bbox 66 1511 91 1544; x_wconf 90' lang='lat'>4</span> <span class='ocrx_word' id='word_1_173' title='bbox 110 1509 201 1541; x_wconf 88' lang='lat' dir='ltr'>erat.</span> <span class='ocrx_word' id='word_1_174' title='bbox 259 1514 361 1550; x_wconf 88' lang='lat' dir='ltr'>quae</span> <span class='ocrx_word' id='word_1_175' title='bbox 392 1510 603 1552; x_wconf 87' lang='lat' dir='ltr'>postquam</span> <span class='ocrx_word' id='word_1_176' title='bbox 632 1502 802 1552; x_wconf 90' lang='lat' dir='ltr'>gloriosa</span> <span class='ocrx_word' id='word_1_177' title='bbox 831 1503 952 1540; x_wconf 88' lang='lat' dir='ltr'>modo</span> <span class='ocrx_word' id='word_1_178' title='bbox 983 1515 1113 1552; x_wconf 88' lang='lat' dir='ltr'>neque</span> <span class='ocrx_word' id='word_1_179' title='bbox 1142 1502 1233 1540; x_wconf 91' lang='lat' dir='ltr'>belli</span> <span class='ocrx_word' id='word_1_180' title='bbox 1263 1503 1445 1552; x_wconf 87' lang='lat' dir='ltr'>patrandi</span> 
     </span>
     <span class='ocr_line' id='line_1_23' title="bbox 109 1565 1445 1616; baseline 0.001 -12"><span class='ocrx_word' id='word_1_181' title='bbox 109 1566 308 1616; x_wconf 87' lang='lat' dir='ltr'>cognouit,</span> <span class='ocrx_word' id='word_1_182' title='bbox 337 1566 470 1605; x_wconf 85' lang='lat' dir='ltr'>statuit</span> <span class='ocrx_word' id='word_1_183' title='bbox 499 1566 615 1613; x_wconf 89' lang='lat' dir='ltr'>urbis,</span> <span class='ocrx_word' id='word_1_184' title='bbox 643 1579 745 1615; x_wconf 85' lang='lat' dir='ltr'>quae</span> <span class='ocrx_word' id='word_1_185' title='bbox 777 1565 865 1604; x_wconf 92' lang='lat' dir='ltr'>uiris</span> <span class='ocrx_word' id='word_1_186' title='bbox 895 1573 962 1604; x_wconf 87' lang='lat' dir='ltr'>aut</span> <span class='ocrx_word' id='word_1_187' title='bbox 989 1568 1078 1604; x_wconf 92' lang='lat' dir='ltr'>loco</span> <span class='ocrx_word' id='word_1_188' title='bbox 1106 1579 1176 1615; x_wconf 90' lang='lat' dir='ltr'>pro</span> <span class='ocrx_word' id='word_1_189' title='bbox 1203 1567 1380 1605; x_wconf 87' lang='lat' dir='ltr'>hostibus</span> <span class='ocrx_word' id='word_1_190' title='bbox 1407 1576 1445 1606; x_wconf 88' lang='lat' dir='ltr'>et</span> 
     </span>
     <span class='ocr_line' id='line_1_24' title="bbox 109 1630 1443 1681; baseline 0 -12"><span class='ocrx_word' id='word_1_191' title='bbox 109 1632 319 1670; x_wconf 88' lang='lat' dir='ltr'>aduorsum</span> <span class='ocrx_word' id='word_1_192' title='bbox 344 1645 385 1670; x_wconf 91' lang='lat' dir='ltr'>se</span> <span class='ocrx_word' id='word_1_193' title='bbox 409 1631 780 1681; x_wconf 87' lang='lat' dir='ltr'>opportunissumae</span> <span class='ocrx_word' id='word_1_194' title='bbox 801 1639 921 1677; x_wconf 86' lang='lat' dir='ltr'>erant,</span> <span class='ocrx_word' id='word_1_195' title='bbox 945 1631 1116 1680; x_wconf 87' lang='lat' dir='ltr'>singulas</span> <span class='ocrx_word' id='word_1_196' title='bbox 1137 1630 1443 1670; x_wconf 87' lang='lat' dir='ltr'>circumuenire:</span> 
     </span>
     <span class='ocr_line' id='line_1_25' title="bbox 108 1695 1444 1746; baseline 0 -12"><span class='ocrx_word' id='word_1_197' title='bbox 108 1696 163 1735; x_wconf 87' lang='lat' dir='ltr'>ita</span> <span class='ocrx_word' id='word_1_198' title='bbox 194 1698 423 1746; x_wconf 86' lang='lat' dir='ltr'>Iugurtham</span> <span class='ocrx_word' id='word_1_199' title='bbox 453 1704 520 1734; x_wconf 91' lang='lat' dir='ltr'>aut</span> <span class='ocrx_word' id='word_1_200' title='bbox 550 1695 753 1746; x_wconf 85' lang='lat' dir='ltr'>praesidiis</span> <span class='ocrx_word' id='word_1_201' title='bbox 784 1697 986 1742; x_wconf 85' lang='lat' dir='ltr'>nudatum,</span> <span class='ocrx_word' id='word_1_202' title='bbox 1014 1697 1044 1732; x_wconf 90' lang='lat' dir='ltr'>si</span> <span class='ocrx_word' id='word_1_203' title='bbox 1075 1708 1122 1734; x_wconf 88' lang='lat' dir='ltr'>ea</span> <span class='ocrx_word' id='word_1_204' title='bbox 1150 1703 1357 1745; x_wconf 85' lang='lat' dir='ltr'>pateretur,</span> <span class='ocrx_word' id='word_1_205' title='bbox 1379 1705 1444 1735; x_wconf 89' lang='lat' dir='ltr'>aut</span> 
     </span>
     <span class='ocr_line' id='line_1_26' title="bbox 68 1759 1444 1811; baseline 0.001 -13"><span class='ocrx_word' id='word_1_206' title='bbox 68 1768 88 1805; x_wconf 82' lang='lat'><strong>5</strong></span> <span class='ocrx_word' id='word_1_207' title='bbox 110 1761 257 1811; x_wconf 86' lang='lat' dir='ltr'>proelio</span> <span class='ocrx_word' id='word_1_208' title='bbox 287 1770 533 1799; x_wconf 85' lang='lat' dir='ltr'>certaturum.</span> <span class='ocrx_word' id='word_1_209' title='bbox 592 1774 684 1799; x_wconf 85' lang='lat' dir='ltr'>nam</span> <span class='ocrx_word' id='word_1_210' title='bbox 716 1760 896 1798; x_wconf 87' lang='lat' dir='ltr'>Bocchus</span> <span class='ocrx_word' id='word_1_211' title='bbox 927 1759 1086 1797; x_wconf 84' lang='lat' dir='ltr'>nuntios</span> <span class='ocrx_word' id='word_1_212' title='bbox 1120 1761 1172 1797; x_wconf 89' lang='lat' dir='ltr'>ad</span> <span class='ocrx_word' id='word_1_213' title='bbox 1206 1773 1295 1798; x_wconf 91' lang='lat' dir='ltr'>eum</span> <span class='ocrx_word' id='word_1_214' title='bbox 1327 1773 1444 1810; x_wconf 87' lang='lat' dir='ltr'>saepe</span> 
     </span>
     <span class='ocr_line' id='line_1_27' title="bbox 109 1824 1443 1875; baseline 0.001 -12"><span class='ocrx_word' id='word_1_215' title='bbox 109 1826 289 1864; x_wconf 88' lang='lat' dir='ltr'>miserat:</span> <span class='ocrx_word' id='word_1_216' title='bbox 333 1827 435 1864; x_wconf 88' lang='lat' dir='ltr'>uelle</span> <span class='ocrx_word' id='word_1_217' title='bbox 472 1825 608 1875; x_wconf 87' lang='lat' dir='ltr'>populi</span> <span class='ocrx_word' id='word_1_218' title='bbox 647 1825 819 1863; x_wconf 85' lang='lat' dir='ltr'>Romani</span> <span class='ocrx_word' id='word_1_219' title='bbox 856 1824 1093 1862; x_wconf 87' lang='lat' dir='ltr'>amicitiam:</span> <span class='ocrx_word' id='word_1_220' title='bbox 1137 1824 1285 1873; x_wconf 89' lang='lat' dir='ltr'>nequid</span> <span class='ocrx_word' id='word_1_221' title='bbox 1317 1826 1368 1863; x_wconf 90' lang='lat' dir='ltr'>ab</span> <span class='ocrx_word' id='word_1_222' title='bbox 1402 1839 1443 1864; x_wconf 87' lang='lat' dir='ltr'>se</span> 
     </span>
     <span class='ocr_line' id='line_1_28' title="bbox 68 1888 1443 1938; baseline -0.001 -9"><span class='ocrx_word' id='word_1_223' title='bbox 68 1894 91 1930; x_wconf 89' lang='lat'><strong>6</strong></span> <span class='ocrx_word' id='word_1_224' title='bbox 110 1891 251 1928; x_wconf 89' lang='lat' dir='ltr'>hostile</span> <span class='ocrx_word' id='word_1_225' title='bbox 283 1889 445 1928; x_wconf 61' lang='lat' dir='ltr'>timeret„</span> <span class='ocrx_word' id='word_1_226' title='bbox 516 1889 558 1927; x_wconf 85' lang='lat' dir='ltr'>id</span> <span class='ocrx_word' id='word_1_227' title='bbox 592 1888 896 1935; x_wconf 89' lang='lat' dir='ltr'>simulaueritne,</span> <span class='ocrx_word' id='word_1_228' title='bbox 927 1901 1008 1938; x_wconf 92' lang='lat' dir='ltr'>quo</span> <span class='ocrx_word' id='word_1_229' title='bbox 1040 1888 1263 1937; x_wconf 90' lang='lat' dir='ltr'>inprouisus</span> <span class='ocrx_word' id='word_1_230' title='bbox 1291 1889 1443 1938; x_wconf 85' lang='lat' dir='ltr'>grauior</span> 
     </span>
     <span class='ocr_line' id='line_1_29' title="bbox 110 1952 1442 2003; baseline 0.001 -12"><span class='ocrx_word' id='word_1_231' title='bbox 110 1954 315 2000; x_wconf 88' lang='lat' dir='ltr'>accideret,</span> <span class='ocrx_word' id='word_1_232' title='bbox 338 1967 388 1992; x_wconf 93' lang='lat' dir='ltr'>an</span> <span class='ocrx_word' id='word_1_233' title='bbox 415 1953 637 1991; x_wconf 86' lang='lat' dir='ltr'>mobilitate</span> <span class='ocrx_word' id='word_1_234' title='bbox 656 1953 788 2003; x_wconf 85' lang='lat' dir='ltr'>ingeni</span> <span class='ocrx_word' id='word_1_235' title='bbox 808 1965 949 2002; x_wconf 90' lang='lat' dir='ltr'>pacem</span> <span class='ocrx_word' id='word_1_236' title='bbox 972 1960 1092 2001; x_wconf 88' lang='lat' dir='ltr'>atque</span> <span class='ocrx_word' id='word_1_237' title='bbox 1119 1952 1266 1990; x_wconf 89' lang='lat' dir='ltr'>bellum</span> <span class='ocrx_word' id='word_1_238' title='bbox 1293 1961 1442 1992; x_wconf 84' lang='lat' dir='ltr'>mutare</span> 
     </span>
     <span class='ocr_line' id='line_1_30' title="bbox 110 2019 771 2068; baseline -0.002 -11"><span class='ocrx_word' id='word_1_239' title='bbox 110 2019 257 2066; x_wconf 85' lang='lat' dir='ltr'>solitus,</span> <span class='ocrx_word' id='word_1_240' title='bbox 279 2032 416 2068; x_wconf 89' lang='lat' dir='ltr'>parum</span> <span class='ocrx_word' id='word_1_241' title='bbox 438 2020 680 2068; x_wconf 84' lang='lat' dir='ltr'>exploratum</span> <span class='ocrx_word' id='word_1_242' title='bbox 702 2026 771 2056; x_wconf 88' lang='lat' dir='ltr'>est.</span> 
     </span>
    </p>
   </div>
   <div class='ocr_carea' id='block_1_3' title="bbox 33 2081 1442 2191">
    <p class='ocr_par' dir='ltr' id='par_1_3' title="bbox 33 2081 1442 2191">
     <span class='ocr_line' id='line_1_31' title="bbox 33 2081 1442 2130; baseline -0.001 -10"><span class='ocrx_word' id='word_1_243' title='bbox 33 2083 90 2127; x_wconf 87' lang='lat'>89</span> <span class='ocrx_word' id='word_1_244' title='bbox 190 2082 269 2120; x_wconf 90' lang='lat' dir='ltr'>Sed</span> <span class='ocrx_word' id='word_1_245' title='bbox 306 2083 455 2128; x_wconf 86' lang='lat' dir='ltr'>consul,</span> <span class='ocrx_word' id='word_1_246' title='bbox 497 2081 553 2118; x_wconf 91' lang='lat' dir='ltr'>uti</span> <span class='ocrx_word' id='word_1_247' title='bbox 592 2089 789 2127; x_wconf 87' lang='lat' dir='ltr'>statuerat,</span> <span class='ocrx_word' id='word_1_248' title='bbox 830 2081 980 2129; x_wconf 89' lang='lat' dir='ltr'>oppida</span> <span class='ocrx_word' id='word_1_249' title='bbox 1017 2082 1254 2130; x_wconf 88' lang='lat' dir='ltr'>castellaque</span> <span class='ocrx_word' id='word_1_250' title='bbox 1293 2081 1442 2120; x_wconf 88' lang='lat' dir='ltr'>munita</span> 
     </span>
     <span class='ocr_line' id='line_1_32' title="bbox 109 2142 1441 2191; baseline 0.001 -11"><span class='ocrx_word' id='word_1_251' title='bbox 109 2142 227 2189; x_wconf 85' lang='lat' dir='ltr'>adire,</span> <span class='ocrx_word' id='word_1_252' title='bbox 251 2142 392 2191; x_wconf 88' lang='lat' dir='ltr'>partim</span> <span class='ocrx_word' id='word_1_253' title='bbox 414 2142 464 2187; x_wconf 93' lang='lat' dir='ltr'>ui,</span> <span class='ocrx_word' id='word_1_254' title='bbox 486 2142 562 2180; x_wconf 90' lang='lat' dir='ltr'>alia</span> <span class='ocrx_word' id='word_1_255' title='bbox 586 2150 694 2180; x_wconf 88' lang='lat' dir='ltr'>metu</span> <span class='ocrx_word' id='word_1_256' title='bbox 717 2150 786 2180; x_wconf 91' lang='lat' dir='ltr'>aut</span> <span class='ocrx_word' id='word_1_257' title='bbox 809 2143 982 2191; x_wconf 89' lang='lat' dir='ltr'>praemia</span> <span class='ocrx_word' id='word_1_258' title='bbox 1006 2144 1244 2181; x_wconf 88' lang='lat' dir='ltr'>ostentando</span> <span class='ocrx_word' id='word_1_259' title='bbox 1264 2151 1441 2182; x_wconf 69' lang='lat' dir='ltr'>auertere</span> 
     </span>
    </p>
   </div>
   <div class='ocr_carea' id='block_1_4' title="bbox 68 2205 1441 2321">
    <p class='ocr_par' dir='ltr' id='par_1_4' title="bbox 68 2205 1441 2321">
     <span class='ocr_line' id='line_1_33' title="bbox 70 2205 1441 2256; baseline 0.001 -12"><span class='ocrx_word' id='word_1_260' title='bbox 70 2219 88 2243; x_wconf 92' lang='lat'><strong>2</strong></span> <span class='ocrx_word' id='word_1_261' title='bbox 110 2206 159 2244; x_wconf 87' lang='lat' dir='ltr'>ab</span> <span class='ocrx_word' id='word_1_262' title='bbox 202 2206 391 2244; x_wconf 88' lang='lat' dir='ltr'>hostibus.</span> <span class='ocrx_word' id='word_1_263' title='bbox 467 2219 514 2243; x_wconf 89' lang='lat' dir='ltr'>ac</span> <span class='ocrx_word' id='word_1_264' title='bbox 558 2205 684 2255; x_wconf 90' lang='lat' dir='ltr'>primo</span> <span class='ocrx_word' id='word_1_265' title='bbox 730 2206 944 2244; x_wconf 90' lang='lat' dir='ltr'>mediocria</span> <span class='ocrx_word' id='word_1_266' title='bbox 987 2208 1157 2256; x_wconf 86' lang='lat' dir='ltr'>gerebat,</span> <span class='ocrx_word' id='word_1_267' title='bbox 1202 2207 1441 2247; x_wconf 84' lang='lat' dir='ltr'>existumans</span> 
     </span>
     <span class='ocr_line' id='line_1_34' title="bbox 68 2271 1439 2321; baseline 0.003 -13"><span class='ocrx_word' id='word_1_268' title='bbox 68 2284 89 2321; x_wconf 87' lang='lat'>3</span> <span class='ocrx_word' id='word_1_269' title='bbox 113 2272 341 2321; x_wconf 88' lang='lat' dir='ltr'>Iugurtham</span> <span class='ocrx_word' id='word_1_270' title='bbox 386 2271 574 2308; x_wconf 68' lang='lat' dir='ltr'>ob&#39;suos</span> <span class='ocrx_word' id='word_1_271' title='bbox 616 2271 802 2309; x_wconf 89' lang='lat' dir='ltr'>tutandos</span> <span class='ocrx_word' id='word_1_272' title='bbox 840 2273 879 2308; x_wconf 92' lang='lat' dir='ltr'>in</span> <span class='ocrx_word' id='word_1_273' title='bbox 918 2284 1056 2309; x_wconf 90' lang='lat' dir='ltr'>manus</span> <span class='ocrx_word' id='word_1_274' title='bbox 1094 2279 1312 2310; x_wconf 89' lang='lat' dir='ltr'>uenturum.</span> <span class='ocrx_word' id='word_1_275' title='bbox 1369 2274 1439 2312; x_wconf 90' lang='lat' dir='ltr'>sed</span> 
     </span>
    </p>
   </div>
  </div>
 </body>
</html>
