1596 2495
162 100 212 145 46
526 97 565 134 C.
608 97 752 135 SALL
765 96 899 134 USTJ
939 95 1141 133 CRJSP]

125 215 142 250 7
164 213 298 239 eorum
331 213 473 250 magna
504 212 605 249 pars»,
636 199 690 236 uti
720 198 866 235 iussum
898 206 990 244 erat,
1021 197 1209 245 adducti3
1249 198 1374 247 pauci,
1406 212 1495 237 cum

164 266 332 317 primum
358 264 507 302 deditio
531 264 673 313 coepit,
696 264 746 301 ad
766 276 895 312 regem
920 263 1122 300 Bocchum
1146 263 1185 300 in
1208 262 1495 301 Mauretaniam

123 331 350 370 Sabierant.
410 328 524 378 igitur
563 327 762 377 Iugurtha,
798 326 866 364 ubi
899 326 1015 364 armis
1054 325 1223 375 uirisque
1257 334 1296 364 et
1329 327 1497 376 pecunia

166 395 353 447 spoliatus
380 403 449 440 est,
471 406 560 432 cum
587 393 671 442 ipse
695 393 744 430 ad
766 392 1042 442 imperandum
1063 391 1257 431 Tisidium
1280 401 1493 438 uocaretur,

166 474 294 498 rursus
321 459 452 508 coepit
480 459 634 497 flectere
662 457 838 496 animum
864 471 975 495 suum
1001 465 1040 495 et
1065 471 1110 496 ex
1135 459 1235 496 mala
1255 458 1496 496 conscientia

127 526 286 575 odigna
324 524 470 562 timere.
544 524 716 572 denique
754 522 885 561 multis
924 522 1063 561 diebus
1102 535 1170 572 per
1208 522 1495 561 dubitationem

168 590 423 639 consumptis,
454 602 544 626 cum
583 588 704 625 modo
743 588 874 626 taedio
912 600 1038 626 rerum
1073 589 1330 626 aduorsarum
1365 589 1497 627 onmia

169 658 273 694 bello
299 657 452 705 potiora
475 655 647 698 duceret,
670 653 866 691 interdum
896 666 1028 691 secum
1057 653 1139 702 ipse
1164 661 1359 702 reputaret
1381 667 1496 703 quam

170 721 296 771 grauis
323 733 436 759 casus
462 718 501 757 in
529 719 727 758 seruitium
756 732 803 758 ex
829 732 950 769 regno
977 721 1088 767 foret,
1111 719 1242 757 multis
1269 719 1500 769 magnisque

104 798 150 822 10
172 786 369 836 praesidiis
395 786 634 834 nequiquam
663 785 824 834 perditis
852 786 901 822 de
929 786 1079 833 integro
1103 786 1251 823 bellum
1276 786 1406 823 sumit.
1462 794 1499 823 et

172 853 325 888 Romae
353 858 510 888 senatus
537 850 586 888 de
613 848 824 899 prouinciis
851 850 1052 887 consultus
1077 849 1309 887 Numidiam
1337 850 1501 887 Metello

169 917 406 954 decreuerat.

93 978 151 1022 63
252 982 325 1018 Per
350 979 456 1017 idem
484 987 639 1027 tempus
668 978 810 1016 Uticae
838 979 936 1016 forte
964 980 1008 1017 C.
1035 978 1161 1016 Mario
1186 991 1254 1028 per
1274 978 1421 1016 hostias
1442 979 1502 1016 dis

171 1042 405 1093 subplicanti
425 1055 566 1092 magna
587 1050 705 1091 atque
723 1042 912 1080 mirabilia
928 1043 1108 1091 portendi
1127 1043 1320 1092 haruspex
1335 1042 1500 1080 dixerat:

172 1108 338 1158 proinde
376 1121 477 1157 quae
516 1107 647 1145 animo
687 1107 859 1156 agitabat
892 1109 1011 1145 fretus
1044 1107 1103 1145 dis
1133 1115 1274 1157 ageret,
1305 1109 1499 1146 fortunam

172 1187 289 1223 quam
325 1173 568 1223 saepissume
602 1172 866 1221 experiretur:
908 1180 1051 1210 cuncta
1084 1186 1268 1222 prospere
1303 1181 1500 1212 euentura.

132 1249 151 1272 2
172 1247 210 1276 at
249 1238 357 1275 illum
397 1237 472 1275 iam
507 1245 624 1275 antea
657 1238 883 1274 consulatus
918 1237 1055 1286 ingens
1089 1237 1235 1286 cupido
1269 1238 1500 1288 exagitabat,

173 1304 223 1340 ad
269 1315 387 1351 quem
434 1301 675 1351 capiundum
730 1309 882 1351 praeter
928 1309 1162 1340 uetustatem
1212 1302 1382 1341 familiae
1427 1303 1504 1340 alia

173 1368 306 1406 omnia
343 1368 501 1405 abunde
539 1375 659 1415 erant,
700 1367 899 1414 industria,
939 1367 1122 1417 probitas,
1165 1368 1324 1407 militiae
1363 1381 1504 1418 magna

173 1432 344 1480 scientia,
378 1431 532 1470 animus
566 1431 657 1470 belli
693 1432 841 1482 ingens,
878 1432 987 1470 domi
1022 1432 1211 1480 modicus,
1246 1433 1431 1472 lubidinis
1466 1441 1503 1472 et

132 1510 153 1545 3
174 1497 395 1536 diuitiarum
444 1496 579 1542 uictor,
621 1498 897 1535 tantummodo
942 1497 1087 1546 gloriae
1135 1497 1284 1536 auidus.
1361 1499 1430 1537 sed
1471 1499 1504 1537 is

174 1571 287 1600 natus
317 1570 355 1599 et
384 1574 542 1600 ornnem
575 1561 778 1610 pueritiam
810 1561 947 1610 Arpini
974 1563 1086 1608 altus,
1108 1563 1173 1600 ubi
1202 1562 1371 1611 primum
1397 1571 1503 1601 aetas

175 1625 334 1664 militiae
359 1626 512 1674 patiens
537 1626 619 1672 fuit,
642 1625 846 1674 stipendiis
870 1626 1074 1671 faciundis,
1098 1640 1177 1664 non
1204 1629 1355 1666 Graeca
1373 1628 1504 1665 facun-

175 1690 240 1728 dia
269 1703 397 1739 neque
430 1689 587 1727 urbanis
622 1689 824 1727 munditiis
855 1703 939 1728 sese
970 1691 1163 1729 exercuit:
1203 1692 1255 1729 ita
1284 1691 1384 1730 inter
1413 1693 1504 1730 artis

133 1765 156 1797 4
175 1755 299 1792 bonas
325 1753 517 1804 integrum
545 1753 743 1804 ingenium
765 1755 873 1793 breui
894 1755 1076 1793 adoleuit.
1137 1769 1227 1805 ergo
1249 1757 1314 1794 ubi
1335 1757 1502 1806 primum

175 1819 417 1856 tribunatum
445 1818 647 1858 militarem
678 1833 700 1856 a
726 1821 874 1869 populo
900 1821 1009 1869 petit,
1035 1821 1231 1870 plerisque
1256 1821 1395 1859 faciem
1423 1821 1503 1859 eius

176 1883 456 1932 ignorantibus:‚
495 1883 607 1922 facile
655 1891 771 1922 notus
818 1897 887 1933 per
934 1884 1062 1922 omnis
1110 1885 1228 1923 tribus
1275 1886 1500 1923 declaratur.

135 1960 154 1997 5
177 1948 321 1986 deinde
359 1948 409 1986 ab
448 1960 495 1985 eo
534 1948 759 1997 magistratu
797 1949 915 1986 alium
953 1957 1043 1998 post
1081 1949 1200 1987 aliurn
1235 1949 1308 1987 sibi
1341 1949 1501 1998 peperit,

176 2024 408 2061 semperque
437 2012 476 2050 in
504 2013 766 2061 potestatibus
795 2026 844 2051 eo
873 2014 993 2051 modo
1023 2013 1205 2063 agitabat,
1242 2021 1283 2051 ut
1316 2013 1504 2062 ampliore

135 2083 156 2117 6
176 2089 293 2124 quam
322 2076 480 2125 gerebat
509 2076 651 2125 dignus
680 2077 895 2115 haberetur.
956 2085 1087 2116 tamen
1118 2078 1149 2115 is
1179 2079 1228 2115 ad
1258 2077 1298 2115 id
1327 2079 1502 2115 locorum

176 2140 262 2178 talis
282 2139 341 2177 uir
360 2139 467 2190 (nam
489 2148 628 2189 postea
647 2141 861 2180 ambitione
882 2155 1068 2192 praeceps
1089 2144 1203 2180 datus
1224 2141 1298 2192 est)
1319 2142 1503 2190 adpetere
1561 2146 1563 2149 '

177 2217 254 2242 non
272 2205 451 2242 audebat.
497 2204 614 2242 etiam
631 2213 713 2243 tum
735 2206 830 2243 alios
851 2205 1096 2254 magistratus
1116 2207 1237 2254 plebs,
1257 2208 1503 2244 consulatum

137 2269 360 2317 7nobilitas
392 2269 491 2306 inter
522 2282 563 2307 se
594 2282 662 2318 per
693 2283 830 2307 manus
866 2271 1051 2307 tradebat.
1112 2282 1238 2308 nouos
1273 2283 1390 2308 nemo
1423 2278 1503 2308 tam
