1596 2495
407 86 497 122 DE
532 86 730 124 BELLO
768 87 1164 125 JUGURTHJNO
1396 87 1442 135 65

121 187 186 225 ubi
216 188 322 226 illum
354 190 491 238 procul
520 189 658 227 abesse
688 196 727 227 et
754 189 838 227 aliis
868 188 1033 239 negotiis
1062 189 1257 227 intentum
1283 189 1446 239 accepit,

121 251 267 290 maiora
296 261 335 291 et
367 252 488 303 magis
519 266 657 302 aspera
687 253 844 303 aggredi
878 262 1033 302 tempus
1067 253 1194 291 uisum
1229 261 1296 292 est.
1367 262 1447 292 erat
1466 266 1491 299 4

119 316 219 354 inter
248 316 415 366 ingentis
446 317 675 356 solitudines
707 318 897 367 oppidum
928 330 1112 367 magnum
1148 326 1265 367 atque
1299 318 1447 364 ualens,

120 380 279 419 nomine
318 382 458 431 Capsa,
494 382 603 419 cuius
642 382 825 420 conditor
864 382 1058 420 Hercules
1098 382 1216 431 Libys
1255 394 1445 419 memora—

120 445 242 483 batur.
301 445 384 485 eius
417 446 522 485 ciues
560 447 664 496 apud
701 448 930 497 Iugurtham
960 447 1140 485 inmunes
1168 446 1247 485 leui
1281 446 1446 496 imperio

119 517 158 548 et
191 511 244 549 ob
275 523 321 549 ea
353 511 583 549 fidelissumi
616 512 871 558 habebantur,
906 511 1045 550 muniti
1078 512 1291 550 aduorsum
1324 512 1447 550 hostis

120 587 200 613 non
238 576 446 614 moenibus
484 578 605 615 modo
643 585 682 615 et
719 576 835 615 armis
873 584 992 627 atque
1025 576 1129 621 uiris,
1158 589 1294 614 uerum
1329 576 1446 615 etiam

119 641 242 678 multo
284 641 406 690 magis
447 642 623 680 locorum
664 642 886 691 asperitate.
955 655 1057 688 narn,
1102 650 1255 691 praeter
1295 641 1485 691 oppid05

117 705 350 754 propinqua,
374 705 451 743 alia
477 706 609 744 omnia
635 714 756 751 uasta,
783 707 940 752 inculta,
967 706 1122 756 egentia
1145 718 1281 755 aquae,
1306 706 1446 744 infesta

118 769 373 818 serpentibus,
397 782 560 818 quarum
588 769 646 808 uis
670 770 782 808 sicuti
809 770 986 809 omnium
1015 771 1181 808 ferarum
1208 769 1342 819 inopia
1368 770 1446 808 cibi

117 833 250 872 acrior.
317 835 367 872 ad
404 835 482 872 hoc
518 842 656 872 natura
693 835 944 884 serpentium,
984 834 1070 884 ipsa
1109 834 1342 883 perniciosa,
1383 834 1445 872 siti

119 898 240 948 magis
278 912 395 948 quam
434 900 510 938 alia
546 913 586 938 re
624 900 861 939 accenditur.
931 900 1013 939 eius
1052 899 1234 950 potiundi
1275 900 1486 938 Marium6

118 977 299 1002 maxuma
335 965 479 1014 cupido
517 965 723 1011 inuaserat,
759 979 847 1003 cum
887 973 1044 1015 propter
1076 978 1189 1003 usum
1223 964 1325 1010 belli,
1360 973 1444 1003 tum

117 1029 209 1077 quia
245 1041 305 1067 res
342 1042 479 1078 aspera
516 1029 724 1068 uidebatur
755 1037 794 1067 et
828 1030 1014 1067 Metellus
1049 1029 1240 1078 oppidum
1276 1030 1443 1067 Thalam

117 1106 258 1143 magna
279 1093 402 1143 gloria
428 1102 594 1144 ceperat,
620 1095 726 1133 haud
751 1094 990 1132 dissimiliter
1014 1093 1129 1132 situm
1154 1093 1442 1143 munitumque,

116 1157 190 1195 njsi
227 1158 336 1207 quod
372 1159 479 1207 apud
516 1160 683 1197 Thalam
722 1172 802 1197 non
841 1160 957 1208 longe
990 1172 1014 1196 a
1046 1158 1256 1197 moenibus
1294 1160 1443 1208 aliquot

115 1222 243 1260 fontes
269 1230 388 1269 erant,
412 1223 633 1272 Capsenses
658 1236 738 1261 una
762 1224 885 1261 modo
911 1231 1030 1273 atque
1056 1236 1102 1261 ea
1128 1223 1227 1261 intra
1251 1223 1440 1273 oppidum

116 1285 194 1336 iugi
221 1299 334 1336 aqua,
359 1295 489 1325 cetera
516 1288 650 1337 pluuia
678 1288 900 1326 utebantur.
959 1287 1002 1326 id
1031 1287 1165 1337 ibique
1194 1296 1234 1326 et
1261 1287 1302 1325 in
1333 1288 1441 1326 omni
1463 1300 1483 1336 7

116 1350 258 1396 Africa,
297 1363 399 1400 quae
437 1353 575 1401 procul
612 1365 635 1390 a
672 1352 768 1390 mari
806 1350 990 1390 incultius
1023 1353 1175 1401 agebat,
1213 1365 1260 1390 eo
1293 1352 1442 1390 facilius

117 1415 361 1461 tolerabatur,
384 1415 474 1464 quia
501 1415 701 1454 Numidae
727 1418 960 1467 plerumque
986 1417 1086 1454 lacte
1113 1424 1151 1453 et
1177 1416 1300 1453 ferina
1327 1430 1442 1455 carne

116 1482 376 1518 uescebantur
408 1488 447 1518 et
479 1493 610 1530 neque
643 1481 763 1519 salem
792 1493 921 1530 neque
950 1480 1025 1518 alia
1053 1480 1302 1519 inritamenta
1330 1483 1442 1531 gulae

116 1546 379 1594 quaerebant:
417 1544 527 1583 cibus
560 1545 634 1583 illis
668 1546 858 1583 aduorsus
889 1546 1032 1583 famem
1066 1554 1185 1595 atque
1215 1545 1328 1593 sitim,
1361 1560 1442 1585 non

115 1608 281 1647 lubidini
331 1621 459 1658 neque
505 1609 677 1648 luxuriae
724 1618 814 1647 erat.
899 1609 1013 1658 igitur
1059 1611 1208 1656 consul,
1256 1611 1439 1649 omnibus
1459 1611 1520 1655 90

115 1674 333 1725 exploratis,
355 1675 473 1713 credo
501 1674 562 1713 dis
590 1675 708 1713 fretus
736 1673 847 1725 (nam
873 1682 1010 1711 contra
1036 1681 1164 1711 tantas
1191 1674 1438 1713 difficultates

115 1738 279 1777 consilio
304 1737 396 1776 satis
422 1737 630 1787 prouidere
655 1751 736 1777 non
762 1746 924 1788 poterat,
947 1737 1095 1787 quippe
1119 1737 1236 1776 etiam
1256 1739 1440 1777 frumenti

115 1802 249 1853 inopia
285 1803 558 1852 temptabatur,
593 1802 684 1852 quia
723 1802 920 1840 Numidae
953 1802 1099 1850 pabulo
1132 1803 1283 1851 pecoris
1317 1803 1438 1853 magis

115 1880 232 1917 quam
276 1879 371 1904 aruo
408 1867 567 1905 student
603 1875 643 1905 et
679 1867 960 1916 quodcumque
999 1874 1136 1903 natum
1172 1866 1297 1904 fuerat
1332 1867 1439 1905 iussu

114 1931 213 1981 regis
250 1931 288 1969 in
328 1932 415 1969 loca
453 1931 602 1970 munita
640 1932 896 1978 contulerant,
936 1943 1026 1980 ager
1064 1938 1195 1969 autem
1232 1931 1363 1969 aridus
1402 1940 1440 1970 et

113 1997 263 2045 frugum
283 2008 429 2034 uacuos
448 2008 494 2034 ea
514 2003 770 2045 tempestate:
802 2008 893 2032 nam
914 1995 1071 2033 aestatis
1091 2004 1306 2034 extremum
1327 1996 1437 2047 erat),

115 2069 245 2098 tamen
272 2073 343 2109 pro
366 2060 420 2098 rei
440 2061 555 2110 copia
575 2060 667 2098 satis
686 2061 938 2110 prouidenter
957 2068 1139 2098 exornat:
1168 2073 1288 2110 pecus
1308 2074 1436 2109 omne,
1459 2080 1478 2103 2

114 2126 221 2173 quod
252 2124 514 2174 superioribus
544 2124 684 2163 diebus
714 2125 883 2174 praedae
915 2124 1050 2170 fuerat,
1081 2124 1278 2174 equitibus
1308 2125 1440 2162 auxili-

114 2187 203 2226 ariis
218 2191 414 2238 agundum
431 2189 627 2235 adtribuit,
642 2192 692 2232 A,
707 2190 902 2227 Manlium
917 2190 1089 2239 legatum
1105 2203 1196 2228 curn
1213 2190 1437 2228 cohortibus

114 2253 304 2303 expeditis
330 2255 382 2293 ad
407 2255 599 2304 oppidum
627 2254 746 2302 Laris,
769 2254 837 2293 ubi
863 2255 1102 2305 stipendium
1127 2263 1166 2293 et
1185 2264 1436 2293 conmeatum

220 2345 251 2373 s.
403 2335 409 2337 ”
1305 2347 1325 2385 5
