1596 2495
405 91 489 129 DE
526 91 724 128 BELLO
761 90 1159 128 JUGURTHJNO
1399 100 1444 137 77

118 197 196 235 duo
225 197 276 235 ad
305 208 434 240 regem
463 194 640 232 redeunt.
698 207 745 232 ex
772 192 832 231 his
862 194 1042 231 Bocchus
1073 206 1162 231 cum
1192 200 1331 236 cetera,
1363 199 1445 229 turn

118 274 301 300 maxume
334 259 617 309 benignitatem
651 266 690 297 et
723 257 895 296 studium
936 258 1064 296 Sullae
1103 259 1243 295 lubens
1280 256 1443 306 accepit.

120 327 352 374 Romaeque
372 323 508 373 legatis
529 322 622 370 eius,
637 331 847 372 postquam
868 334 1014 360 errasse
1034 334 1164 371 regem
1182 329 1219 359 et
1238 322 1447 371 Iugurthae
1467 333 1491 367 4

119 390 263 427 scelere
291 389 443 438 lapsum
473 387 672 437 deprecati
702 394 804 434 sunt,
834 386 1047 424 amicitiam
1077 393 1116 424 et
1146 386 1285 425 foedus
1314 394 1448 435 peten-

119 454 221 493 tibus
241 455 318 493 hoc
338 454 458 492 modo
479 453 761 502 respondetur:
792 456 800 472 ‘
815 460 972 490 senatus
993 459 1031 490 et
1050 451 1219 502 populus
1242 452 1446 488 Romanus
1468 462 1487 500 5

119 517 277 558 benifici
313 525 352 557 et
389 517 551 556 iniuriae
590 529 743 555 memor
780 529 865 554 esse
899 517 1009 555 solet.
1068 522 1240 553 ceterum
1275 516 1445 560 Boccho,

120 583 306 632 quoniam
336 582 523 632 paenitet,
551 581 683 621 delicti
709 581 872 631 gratiam
899 580 1016 619 facit:
1048 581 1186 619 foedus
1213 588 1252 619 et
1278 579 1448 618 amicitia

120 649 325 694 dabuntur,
347 661 435 686 cum
458 647 664 686 meruerit)

201 712 300 761 Quis
325 713 440 751 rebus
464 712 630 762 cognitis
655 712 836 751 Bocchus
861 726 928 762 per
952 711 1097 751 litteras
1117 725 1140 750 a
1161 711 1290 750 Mario
1309 710 1448 761 petiuit
1469 711 1558 755 105

119 778 176 816 uti
195 779 341 817 Sullam
361 780 411 817 ad
432 792 472 817 se
494 779 676 825 mitteret,
697 778 807 817 cuius
833 778 1019 817 arbitratu
1046 778 1311 816 conmunibus
1331 790 1448 826 nego-

121 843 182 882 tiis
213 844 489 883 consuleretur.
547 844 578 883 is
610 844 749 883 missus
781 858 868 882 cum
901 843 1096 895 praesidio
1126 845 1300 894 equitum
1331 852 1448 893 atque
1470 856 1488 879 2

120 909 360 948 funditorum
392 909 618 948 Balearium.
678 918 879 959 praeterea
908 909 986 948 iere
1016 908 1202 958 sagittarii
1237 915 1275 946 et
1309 909 1448 947 cohors

123 973 306 1023 Paeligna
339 986 430 1011 cum
465 973 690 1012 uelitaribus
720 973 846 1020 armis,
879 972 1024 1012 itineris
1054 972 1290 1023 properandi
1319 985 1447 1018 causa,

121 1052 248 1088 neque
277 1038 335 1076 his
365 1051 478 1078 secus
507 1047 626 1089 atque
655 1039 739 1077 aliis
769 1039 884 1077 armis
913 1040 1124 1077 aduorsum
1153 1040 1231 1077 tela
1263 1038 1446 1085 hostium,

123 1103 229 1152 quod
255 1115 300 1140 ea
326 1102 428 1141 leuia
455 1110 557 1149 sunt,
582 1102 733 1140 muniti.
793 1103 860 1141 sed
888 1102 928 1141 in
952 1102 1090 1141 itinere
1116 1102 1254 1152 quinto
1278 1103 1448 1152 denique
1469 1112 1489 1148 3

122 1167 186 1206 die
214 1168 346 1205 Volux
373 1167 472 1205 filius
503 1167 649 1206 Bocchi
677 1177 839 1218 repente
868 1167 908 1206 in
934 1168 1083 1218 campis
1109 1169 1334 1219 patentibus
1360 1182 1449 1207 cum

123 1232 227 1270 mille
260 1245 342 1270 non
376 1231 544 1282 amplius
575 1232 770 1282 equitibus
803 1246 887 1272 sese
919 1233 1101 1280 ostendit,
1135 1234 1203 1284 qui
1237 1242 1382 1273 temere
1413 1242 1451 1273 et

123 1299 243 1336 effuse
273 1305 410 1336 euntes
439 1299 566 1336 Sullae
595 1298 759 1348 aliisque
792 1300 975 1337 omnibus
1009 1306 1048 1338 et
1078 1313 1283 1338 numerum
1318 1299 1451 1349 ampli-

123 1376 231 1402 orem
252 1376 345 1401 uero
368 1370 405 1401 et
425 1363 608 1401 hostilem
627 1372 775 1402 metum
796 1364 1028 1404 efficiebant.
1086 1363 1201 1414 igitur
1227 1378 1268 1403 se
1287 1364 1451 1414 quisque
1471 1372 1495 1405 4

124 1428 316 1477 expedire,
364 1440 474 1465 arma
522 1435 640 1477 atque
686 1429 766 1467 tela
811 1436 1001 1478 temptare
1046 1428 1250 1468 intendere
1272 1444 1281 1468 ε
1336 1428 1452 1467 timor

124 1493 357 1543 aliquantus,
379 1494 448 1532 sed
469 1506 558 1542 spes
579 1493 757 1543 amplior,
780 1493 926 1544 quippe
947 1493 1160 1532 uictoribus
1181 1502 1219 1533 et
1239 1495 1451 1532 aduorsum

125 1571 193 1597 eos
218 1570 317 1606 quos
340 1570 458 1607 saepe
484 1557 669 1596 uicerant.
727 1557 883 1596 interim
906 1558 1057 1608 equites
1081 1560 1321 1609 exploratum
1346 1572 1453 1608 prae·
1472 1567 1492 1605 5

126 1622 230 1660 missi
268 1635 361 1670 rem,
396 1621 452 1660 uti
490 1630 584 1669 erat,
618 1621 788 1672 quietam
824 1624 1016 1661 nuntiant.
1074 1625 1205 1662 Volux
1237 1623 1452 1662 adueniens
1473 1621 1562 1664 106

126 1694 372 1737 quaestorem
410 1687 581 1736 appellat
618 1687 792 1736 dicitque
830 1701 871 1726 se
904 1701 927 1726 a
960 1697 1068 1737 patre
1103 1689 1262 1726 Boccho
1295 1688 1450 1727 obuiam

127 1750 214 1798 illis,
234 1749 350 1788 simul
376 1758 414 1789 et
438 1750 634 1799 praesidio
653 1751 827 1791 missum.
885 1752 1030 1791 deinde
1052 1765 1141 1791 eum
1162 1760 1200 1791 et
1220 1765 1452 1802 proxumum

127 1816 232 1855 diem
259 1815 342 1854 sine
369 1823 476 1853 metu
502 1815 705 1854 coniuncti
731 1823 837 1854 eunt.
894 1825 995 1866 post,
1018 1817 1085 1855 ubi
1112 1826 1237 1855 castra
1262 1818 1391 1855 locata
1415 1825 1453 1856 et
1474 1830 1493 1853 2

129 1879 207 1919 diei
235 1893 375 1930 uesper
402 1887 495 1928 erat,
525 1888 687 1930 repente
716 1881 879 1919 Maurus
907 1880 1058 1920 incerto
1086 1883 1196 1920 uoltu
1226 1895 1373 1931 pauens
1402 1883 1453 1920 ad

129 1943 275 1981 Sullam
312 1943 481 1982 adcurrit
515 1943 689 1994 dicitque
721 1943 794 1983 sibi
828 1957 875 1983 ex
907 1945 1219 1995 speculatoribus
1252 1944 1452 1994 cognitum

130 2007 356 2056 Iugurtham
382 2007 488 2045 haud
511 2008 649 2056 procul
671 2007 819 2055 abesse,
842 2008 956 2046 simul
982 2009 1038 2047 uti
1058 2016 1176 2047 noctu
1197 2009 1298 2046 clam
1319 2021 1452 2047 secum

129 2071 350 2120 profugeret
374 2078 484 2120 rogat
509 2078 627 2121 atque
653 2071 836 2110 hortatur.
897 2072 962 2111 ille
986 2072 1118 2111 animo
1139 2072 1258 2111 feroci
1278 2080 1392 2122 negat
1412 2085 1453 2111 se
1473 2084 1494 2119 3

130 2134 273 2173 totiens
297 2137 426 2174 iusum
455 2135 668 2174 Numidam
693 2136 993 2186 pertimescere:
1024 2138 1157 2176 uirtuti
1183 2151 1341 2176 suorum
1362 2138 1454 2175 satis

130 2200 313 2247 credere;
359 2200 512 2239 etiamsi
553 2208 659 2239 certa
695 2198 815 2251 pestis
853 2203 1018 2249 adesset,
1057 2215 1285 2241 mansurum
1323 2201 1454 2250 potius

131 2275 260 2311 quam,
282 2263 446 2312 proditis
471 2276 571 2313 quos
597 2266 780 2312 ducebat,
803 2265 908 2315 turpi
929 2276 1020 2316 ruga
1039 2267 1210 2304 incertae
1229 2279 1273 2304 ac
1295 2265 1453 2303 forsitan
