1596 2495
130 79 178 113 24
491 67 531 104 C.
575 67 717 106 SALL
731 67 868 105 (JSTJ
904 69 1103 106 CRISPI

64 184 107 209 12
128 176 168 207 at
196 170 263 218 qui
298 179 387 208 sunt
426 170 459 207 ei
496 169 562 218 qui
597 183 679 208 rem
713 169 912 220 publicam
948 174 1224 222 occupauere?
1279 171 1460 211 homines

128 233 440 279 sceleratissumi,
469 233 639 272 cruentis
668 234 861 280 manibus,
891 235 1040 274 inmani
1069 236 1240 283 auaritia,
1269 236 1460 276 nocentis-

129 297 228 336 sumi
267 306 305 336 et
340 298 469 336 eidem
505 297 799 348 superbissumi,
835 300 977 348 quibus
1010 301 1119 347 fides,
1155 301 1287 348 decus,
1323 301 1457 351 pietas,

129 370 328 412 postremo
363 362 531 401 honesta
563 371 682 412 atque
721 362 932 402 inhonesta
970 365 1104 403 omnia
1141 365 1321 415 quaestui
1358 373 1458 404 sunt.

64 441 109 477 ¹3
130 440 216 476 pars
263 440 396 465 eorum
445 427 638 465 occidisse
686 426 862 467 tribunos
911 428 1048 478 plebis,
1098 430 1163 467 alii
1210 430 1460 480 quaestiones

129 491 304 539 iniustas,
340 492 515 542 plerique
549 493 713 531 caedem
747 492 787 530 in
822 505 893 532 uos
932 493 1069 532 fecisse
1107 507 1178 545 pro
1217 495 1461 535 munimento

64 571 109 603 14
130 557 287 595 habent.
346 557 399 595 ita
434 569 552 607 quam
592 557 759 606 quisque
797 570 981 606 pessume
1018 559 1121 608 fecit,
1161 567 1239 598 tam
1278 573 1461 599 maxume

130 629 237 660 tutus
271 629 339 660 est.
397 630 547 660 metum
587 625 637 660 ab
675 624 823 662 scelere
857 636 929 663 suo
966 625 1018 664 ad
1055 625 1253 675 ignauiam
1289 633 1461 664 uostram

131 687 370 734 transtulere,
391 700 491 736 quos
511 687 640 726 omnis
661 689 801 727 eadem
822 701 975 738 cupere,
997 690 1136 729 eadem
1157 690 1300 738 odisse,
1322 693 1461 730 eadem

66 762 107 799 15
130 758 304 789 metuere
338 751 377 789 in
411 765 534 790 unum
569 752 708 803 coegit.
768 754 837 792 sed
867 754 964 792 haec
993 754 1094 793 inter
1123 755 1249 794 bonos
1278 755 1459 802 amicitia,

65 819 109 854 16
131 815 229 854 inter
258 817 382 855 malos
412 817 530 856 factio
561 825 629 856 est.
692 819 799 867 quod
829 818 861 856 si
890 826 970 857 tam
1001 832 1074 858 uos
1108 819 1296 859 libertatis
1321 834 1461 869 *curam

131 880 324 920 haberetis
345 894 464 931 quam
486 881 539 919 illi
559 883 610 920 ad
632 882 947 922 dominationem
974 885 1130 924 accensi
1158 893 1259 931 sunt,
1287 886 1462 936 profecto

131 959 259 996 neque
280 959 340 985 res
360 947 532 996 publica,
556 946 670 985 sicuti
691 961 809 995 nunc,
831 956 1047 988 uastaretur
1067 959 1106 990 et
1132 950 1313 989 benificia
1332 959 1464 989 uostra

66 1025 107 1060 17
132 1025 253 1061 penes
283 1019 478 1062 optumos,
509 1025 589 1052 non
616 1012 926 1061 audacissumos,
953 1015 1090 1054 forent.
1149 1016 1316 1055 maiores
1342 1016 1463 1055 uostri

131 1078 295 1128 parandi
334 1078 423 1116 iuris
462 1086 501 1117 et
539 1079 752 1117 maiestatis
792 1079 1094 1119 constituendae
1131 1080 1253 1131 gratia
1291 1081 1349 1121 bis
1394 1095 1464 1131 per

132 1143 393 1182 secessionem
415 1143 553 1181 armati
581 1143 826 1183 Auentinum
853 1157 1125 1194 occupauere:
1153 1159 1225 1184 uos
1252 1159 1323 1196 pro
1352 1145 1464 1185 liber-

132 1216 223 1253 tate,
245 1221 359 1257 quarn
382 1209 432 1246 ab
453 1208 527 1247 illis
547 1209 764 1259 accepistis,
788 1222 922 1248 nonne
946 1223 1099 1248 summa
1126 1224 1204 1261 ope
1230 1211 1464 1262 nitemini—-

131 1280 248 1322 atque
268 1286 315 1311 eo
336 1273 620 1322 uehementius,
644 1287 724 1324 quo
746 1274 868 1313 maius
889 1276 1063 1314 dedecus
1084 1283 1141 1314 est
1161 1283 1271 1326 parta
1286 1276 1463 1316 amittere

132 1352 249 1388 quam
285 1339 447 1377 omnino
482 1352 563 1377 non
604 1340 831 1389 parauisse?
887 1340 989 1379 (licet
1023 1341 1160 1390 aliquis
1196 1341 1312 1391 ‘quid
1351 1342 1465 1392 igitur

68 1409 112 1444 18
134 1405 320 1443 censes?'
358 1404 641 1443 uindicandum
680 1405 720 1442 in
758 1418 827 1444 eos
871 1405 938 1454 qui
982 1405 1084 1444 hosti
1130 1406 1338 1455 prodidere
1381 1419 1461 1446 rem

133 1468 342 1517 publicam,
364 1482 444 1508 non
467 1483 585 1507 manu
606 1482 735 1518 neque
755 1468 804 1516 ui,
827 1471 935 1519 quod
955 1470 1077 1521 magis
1098 1484 1169 1510 uos
1190 1471 1328 1510 fecisse
1344 1485 1462 1522 quarn

132 1533 205 1571 illis
225 1533 414 1572 accidisse
436 1535 638 1584 indignum
669 1543 736 1582 est,
766 1548 901 1573 uerum
929 1536 1226 1584 quaestionibus
1252 1544 1290 1575 et
1316 1535 1462 1594 indicip

69 1613 114 1648 19
134 1597 255 1647 ipsius
303 1600 525 1648 Iugurthae.
586 1601 650 1648 qui
695 1600 726 1637 si
769 1599 975 1638 dediticius
1019 1608 1087 1646 est,
1133 1602 1308 1650 profecto
1350 1600 1463 1638 iussis

134 1662 274 1701 uostris
305 1663 521 1701 oboediens
550 1663 645 1701 erit:
675 1663 732 1701 sin
764 1676 811 1701 ea
836 1663 1065 1711 contemnit,
1088 1664 1235 1703 scilicet
1261 1664 1463 1703 existuma-

134 1727 236 1774 bitis,
267 1728 392 1777 qualis
421 1729 486 1766 illa
515 1742 592 1779 pax
619 1736 688 1767 aut
714 1728 864 1768 deditio
892 1729 950 1776 sit,
979 1742 1026 1768 ex
1053 1743 1130 1780 qua
1156 1730 1207 1768 ad
1234 1731 1461 1780 Iugurtham

135 1793 326 1830 scelerum
357 1794 568 1842 inpunitas,
599 1795 648 1832 ad
678 1807 825 1843 paucos
854 1795 1026 1844 potentis
1055 1808 1262 1834 maxumae
1290 1794 1461 1842 diuitiae,

67 1871 114 1894 20
135 1858 185 1895 ad
211 1871 291 1896 rem
312 1858 510 1908 publicam
539 1861 683 1897 damna
709 1867 826 1909 atque
854 1861 1049 1899 dedecora
1075 1860 1332 1910 peruenerint.
1390 1859 1463 1898 nisi

135 1922 233 1959 forte
254 1922 431 1960 nondum
453 1922 569 1960 etiam
592 1936 664 1961 uos
691 1923 971 1962 dominationis
998 1937 1132 1963 eorum
1159 1923 1316 1963 satietas
1343 1931 1460 1970 tenet,

136 1993 174 2023 et
212 1985 276 2023 illa
314 2000 431 2035 quam
471 1988 568 2026 haec
607 1995 785 2036 tempora
830 1988 951 2038 magis
996 1990 1164 2038 placent,
1210 2002 1300 2027 cum
1345 2001 1462 2038 regna

136 2049 370 2098 prouinciae,
401 2052 506 2100 leges
535 2051 617 2089 iura
646 2052 801 2098 iudicia,
832 2054 935 2092 bella
963 2060 1080 2102 atque
1110 2065 1237 2102 paces,
1266 2060 1462 2102 postremo

138 2112 270 2150 diuina
299 2121 337 2151 et
365 2115 538 2152 humana
567 2115 701 2153 omnia
730 2129 851 2164 penes
881 2129 1029 2166 paucos
1062 2123 1182 2162 erant,
1217 2129 1290 2155 uos
1319 2123 1460 2162 autem,

137 2177 212 2213 hoc
233 2185 290 2214 est
314 2179 481 2225 populus
511 2180 726 2224 Romanus,
756 2179 892 2217 inuicti
918 2181 967 2217 ab
993 2179 1182 2225 hostibuS,
1210 2165 1463 2228 imperatores

138 2240 313 2277 omnium
344 2241 530 2289 gentium,
568 2242 659 2279 satis
692 2242 898 2279 habebatis
932 2242 1101 2279 animam
1137 2242 1313 2280 retinere.
1373 2255 1461 2278 nam
