1596 2495
138 111 182 146 16
494 108 532 145 C.
576 107 870 145 SALLUSTJ
907 108 1106 145 CRISPJ

90 226 112 257 4
132 213 305 249 habuere
331 208 685 259 Carthaginienses,
711 217 800 258 post
823 208 922 247 aliae
950 210 1123 248 Punicae
1150 211 1276 249 urbes.
1334 219 1461 250 cetera

132 277 218 313 loca
259 287 382 323 usque
424 274 474 311 ad
514 274 803 311 Mauretaniam
851 272 1049 312 Numidae
1093 281 1238 321 tenent,
1283 276 1461 324 proxumi

92 349 110 386 5
134 337 329 388 Hispania
363 337 491 376 Mauri
522 344 621 375 sunt.
681 351 797 387 super
827 337 1058 375 Numidiam
1089 340 1278 376 Gaetulos
1312 338 1463 388 accepi-

91 406 112 441 6
134 418 219 441 mus
246 401 384 453 partim
414 402 452 440 in
480 401 653 452 tuguriis,
682 402 779 440 alios
808 401 993 440 in'eultius
1021 415 1142 452 uagos
1172 403 1341 452 agitare;
1370 413 1460 453 post

133 482 201 508 eos
239 468 456 518 Aethiopas
495 480 592 513 esse,
631 467 775 506 dehinc
812 468 902 505 loca
939 474 1076 506 exusta
1113 468 1205 506 solis
1243 469 1458 508 ardoribus.

95 548 113 584 7
134 534 247 584 igitur
272 535 376 572 bello
405 533 637 582 Iugurthino
664 534 852 582 pleraque
879 545 926 571 ex
946 532 1105 571 Punicis
1132 532 1284 583 oppida
1311 541 1349 572 et
1376 534 1463 572 finis

135 597 529 648 Carthaginiensium,
552 609 652 647 quos
679 597 906 635 nouissume
932 597 1161 643 habuerant,
1187 599 1359 646 populus
1386 599 1464 636 Ro-

136 677 274 702 manus
307 677 376 714 per
409 663 656 712 magistratus
689 660 998 709 administrabat,
1030 662 1287 701 Gaetulorum
1322 675 1465 712 magna

136 742 223 778 pars
244 735 282 766 et
303 727 502 766 Numidae
522 740 646 776 usque
666 726 717 764 ad
736 726 883 764 flumen
904 727 1161 765 Muluccham
1183 728 1256 764 sub
1277 727 1465 776 Iugurtha

136 800 255 839 erant,
292 791 440 830 Mauris
474 791 658 829 omnibus
695 802 763 828 rex
795 791 978 828 Bocchus
1016 789 1275 839 imperitabat,
1312 798 1466 840 praeter

137 870 281 896 nomen
302 865 431 895 cetera
450 856 604 906 ignarus
629 854 768 906 populi
789 854 974 901 Romani,
995 855 1170 908 itemque
1197 854 1310 895 nobis
1336 866 1465 904 neque

95 931 118 966 8
138 924 240 962 bello
261 934 390 971 neque
411 934 509 970 pace
533 928 648 959 antea
673 918 864 970 cognitus.
924 921 975 958 de
994 919 1126 957 Africa
1152 928 1191 958 et
1218 919 1301 958 eius
1328 920 1466 959 incolis

137 989 187 1027 ad
208 985 539 1026 necessitudinem
558 985 614 1025 rei
634 985 726 1023 satis
747 985 907 1023 dietum:

59 1059 118 1102 20
220 1055 435 1102 Postquam
482 1049 610 1090 diuiso
656 1063 777 1100 regno
824 1051 940 1099 legati
987 1049 1118 1088 Africa
1165 1051 1378 1097 decessere,
1428 1058 1466 1089 et

141 1118 325 1167 Iugurtha
353 1123 491 1154 contra
524 1114 704 1154 timorem
738 1115 858 1153 animi
888 1114 1061 1164 praemia
1091 1115 1245 1153 sceleris
1279 1116 1464 1164 adeptum

140 1195 225 1220 sese
244 1180 362 1227 uidet,
385 1188 534 1218 certum
557 1193 642 1218 esse
662 1187 778 1225 ratus,
801 1181 908 1229 quod
929 1192 977 1218 ex
997 1179 1134 1217 amicis
1161 1180 1267 1229 apud
1289 1180 1464 1217 Numan-

140 1247 233 1286 tiam
253 1253 469 1295 acceperat,
490 1244 623 1284 onmia
643 1247 798 1283 Romae
819 1244 973 1283 uenalia
993 1257 1088 1290 esse,
1111 1244 1227 1283 simul
1253 1250 1292 1282 et
1312 1243 1466 1282 illorum

140 1310 487 1362 pollicitationibus
514 1321 715 1355 accensus,
745 1321 845 1356 quos
874 1310 994 1357 paulo
1027 1316 1119 1346 ante
1147 1306 1374 1346 muneribus
1408 1320 1468 1345 ex-

100 1394 118 1417 2
142 1378 324 1426 plenerat,
342 1375 382 1412 in
401 1387 563 1424 regnum
581 1373 814 1412 Adherbalis
831 1373 1006 1410 animum
1029 1372 1206 1410 intendit.
1262 1371 1346 1421 ipse
1365 1384 1465 1418 acer,

140 1440 360 1486 bellicosus,
395 1447 435 1477 at
472 1439 505 1476 is
543 1451 660 1489 quern
700 1440 860 1488 petebat
897 1437 1063 1486 quietus,
1104 1436 1268 1482 inbellis,
1310 1436 1468 1486 placido

141 1506 309 1556 ingenio,
346 1512 592 1554 opportunus
623 1503 797 1550 iniuriae,
829 1510 1008 1541 metuens
1042 1502 1164 1552 magis
1198 1515 1317 1551 quam
1346 1509 1468 1540 metu-

99 1571 277 1621 3endus.
335 1569 450 1620 igitur
486 1581 534 1607 ex
573 1568 772 1618 inprouiso
811 1568 897 1605 finis
931 1567 1013 1606 eius
1048 1580 1136 1604 cum
1168 1579 1311 1615 magna
1348 1578 1467 1603 manu

141 1635 302 1682 inuadit,
324 1635 468 1672 multos
488 1632 659 1671 mortalis
680 1645 769 1670 cum
790 1644 932 1681 pecore
951 1638 1070 1680 atque
1089 1629 1165 1668 alia
1184 1630 1330 1679 praeda
1349 1628 1465 1678 capit,

142 1698 320 1738 aedificia
357 1697 543 1744 incendit,
582 1698 767 1745 pleraque
805 1697 893 1733 loca
930 1694 1121 1733 hostiliter
1158 1706 1249 1731 cum
1290 1693 1466 1742 equitatu

100 1763 312 1811 4adcedit,
346 1761 491 1800 deinde
524 1774 615 1799 cum
649 1759 757 1799 omni
790 1759 1039 1797 multitudine
1077 1759 1117 1795 in
1150 1770 1314 1806 regnum
1352 1769 1467 1794 suum

143 1827 349 1873 eonuortit,
368 1826 607 1864 existumans
624 1825 889 1863 Adherbalem
911 1824 1047 1862 dolore
1067 1829 1290 1872 permotum
1311 1820 1468 1858 iniurias

144 1906 231 1930 suas
261 1904 380 1929 manu
414 1891 714 1937 uindicaturum,
752 1902 918 1938 eamque
947 1901 1030 1926 rem
1064 1887 1155 1925 belli
1186 1898 1344 1924 eausam
1374 1887 1465 1923 fore.

102 1967 121 2004 5
144 1967 182 1996 at
202 1959 277 2003 ille,
300 1958 409 2006 quod
428 1969 556 2006 neque
580 1969 622 1994 se
645 1968 776 2005 parem
801 1954 916 1992 armis
944 1952 1214 1996 existumabat,
1236 1957 1275 1989 et
1299 1948 1469 1987 amicitia

146 2022 281 2071 populi
303 2020 475 2058 Romani
495 2019 618 2068 magis
644 2031 762 2068 quam
788 2016 971 2055 Numidis
994 2016 1112 2053 fretus
1136 2021 1228 2059 erat,
1249 2014 1398 2061 legatos
1417 2012 1468 2049 ad

147 2086 374 2135 Iugurtham
405 2085 454 2122 de
482 2083 628 2120 iniuriis
658 2089 840 2131 questum
873 2079 987 2117 misit.
1046 2078 1112 2127 qui
1147 2076 1302 2115 tametsi
1335 2081 1469 2112 contu-

146 2149 309 2187 meliosa
335 2147 441 2185 dieta
470 2148 706 2190 rettulerant,
736 2144 841 2193 prius
867 2150 1000 2180 tamen
1027 2139 1161 2178 omnia
1186 2138 1268 2187 pati
1295 2136 1468 2174 decreuit

147 2226 263 2262 quam
284 2213 428 2250 bellum
451 2224 613 2257 sumere,
636 2209 729 2259 quia
747 2214 984 2257 temptatum
1012 2211 1129 2242 antea
1151 2215 1262 2240 secus
1287 2208 1465 2239 cesserat.

105 2280 126 2314 6
147 2288 275 2324 neque
302 2287 350 2312 eo
378 2274 499 2322 magis
526 2274 671 2321 cupido
702 2271 913 2320 Iugurthae
942 2267 1200 2312 minuebatur,
1229 2263 1372 2314 quippe
1401 2261 1467 2311 qui

1032 2393 1061 2419 Q
