1596 2495
402 85 485 121 DE
522 84 721 121 BELLO
758 84 1158 121 JUGURTHJNO
1397 97 1445 133 29

115 185 301 234 temporis
330 192 368 223 et
397 185 692 235 opportunitate
722 186 799 224 loci
830 199 959 235 neque
991 186 1078 235 capi
1111 200 1240 235 neque
1274 187 1446 224 obsideri

114 257 265 299 poterat
304 250 411 300 (nam
456 250 600 288 circum
641 263 793 288 murum
834 249 949 288 situm
990 251 1029 288 in
1068 251 1263 300 praerupti
1302 253 1445 289 montis

114 323 286 354 extremo
309 315 489 364 planities
513 315 652 354 limosa
679 315 914 353 hiemalibus
938 314 1049 364 aquis
1076 317 1259 365 paludem
1285 317 1444 366 fecerat)

114 388 245 418 tamen
274 388 341 418 aut
370 380 580 419 simulandi
609 381 744 430 gratia,
769 394 850 430 quo
878 380 959 430 regi
987 380 1237 419 formidinem
1269 382 1440 428 adderet,

112 452 180 482 aut
212 445 398 494 cupidine
428 458 568 484 caecus
600 447 653 484 ob
685 447 888 484 thesauros
920 445 1055 495 oppidi
1084 444 1276 495 potiundi,
1309 445 1444 484 uineas

113 523 237 559 agere,
270 522 449 560 aggerem
489 509 627 558 iacere,
666 510 819 559 aliaque
857 524 958 559 quae
997 510 1156 560 incepto
1194 510 1279 548 usui
1316 512 1443 549 forent

113 587 328 624 properare.
386 581 425 612 at
464 575 664 623 Iugurtha,
701 574 857 623 cognita
895 573 1069 612 uanitate
1107 581 1225 623 atque
1263 573 1445 623 inperitia
1464 578 1522 621 38

113 640 239 688 legati,
261 640 428 677 subdole
455 639 536 677 eius
560 653 701 689 augere
725 639 949 685 amentiam,
972 639 1164 677 missitare
1185 639 1443 688 supplicantis

113 705 273 753 legatos,
293 703 377 754 ipse
399 703 512 753 quasi
537 704 779 742 uitabundus
805 717 875 754 per
900 705 1073 743 saltuosa
1097 706 1186 742 loca
1212 713 1250 742 et
1271 704 1442 743 tramites

113 769 323 807 exercitum
350 770 521 808 ductare.
580 769 753 818 denique
779 771 926 807 Aulum
951 782 1019 818 spe
1046 769 1241 819 pactionis
1262 769 1441 819 perpulit,
1464 786 1482 808 2

113 834 168 872 uti
193 834 328 873 relicto
354 835 520 873 Suthule
545 833 583 872 in
611 834 765 873 abditas
786 834 963 883 regiones
985 847 1070 872 sese
1092 834 1213 872 ueluti
1234 835 1441 872 cedentem

113 899 402 949 insequeretur:
441 900 495 938 ita
523 900 667 938 delicta
696 899 913 938 occultiora
941 900 1034 938 fore.
1093 899 1241 937 interea
1275 912 1346 948 per
1378 899 1442 936 ho-
1461 915 1482 950 3

113 964 236 1003 mines
250 965 410 1004 callidos
425 965 492 1003 diu
506 972 707 1014 noctuque
721 964 932 1003 exercitum
949 966 1178 1013 temptabat,
1194 963 1441 1002 centuriones

112 1029 310 1078 ducesque
340 1036 552 1066 turmarum
586 1027 728 1077 partim
763 1027 820 1065 uti
853 1029 1137 1077 transfugerent
1171 1040 1440 1077 conrumpere,

112 1093 178 1131 alii
209 1093 321 1143 signo
355 1094 449 1131 dato
479 1094 607 1130 locum
638 1093 694 1130 uti
721 1093 956 1131 desererent.
1014 1105 1116 1142 quae
1150 1100 1360 1141 postquam
1395 1105 1483 1139 ex4

113 1157 306 1196 sententia
325 1155 488 1202 instruit,
507 1156 745 1206 intempesta
765 1164 882 1194 nocte
903 1156 952 1194 de
972 1156 1171 1206 inprouiso
1193 1156 1441 1194 multitudine

114 1222 373 1261 Numidarum
400 1221 491 1259 Auli
517 1229 643 1260 castra
669 1220 938 1260 circumuenit.
998 1221 1140 1260 milites
1168 1221 1340 1259 Romani
1361 1235 1441 1270 per·
1460 1231 1479 1268 5

111 1287 207 1326 culsi
233 1288 401 1325 tumultu
427 1286 587 1325 insolito
612 1300 719 1324 arma
744 1299 884 1336 capere
911 1285 986 1333 alii,
1013 1285 1078 1323 alii
1105 1299 1146 1324 se
1172 1286 1327 1332 abdere,
1353 1299 1440 1336 pars

112 1353 262 1391 territos
296 1352 549 1390 confirmare:
595 1351 789 1401 trepidare
824 1352 1006 1390 omnibus
1040 1350 1147 1389 locis
1206 1350 1265 1388 uis
1299 1364 1442 1400 magna

111 1416 294 1464 hostium,
310 1417 459 1454 caelum
482 1423 599 1454 nocte
618 1423 737 1465 atque
757 1415 926 1453 nubibus
944 1415 1206 1460 obscuratum,
1222 1413 1439 1463 periculum

111 1494 279 1531 anceps:
310 1487 510 1529 postremo
534 1481 664 1530 fugere
691 1493 740 1517 an
768 1493 926 1518 manere
951 1479 1072 1517 tutius
1091 1479 1201 1526 foret,
1223 1478 1262 1516 in
1290 1478 1439 1517 incerto

111 1554 202 1584 erat.
251 1545 320 1583 sed
341 1558 388 1583 ex
408 1558 455 1582 eo
474 1557 652 1592 numero,
668 1558 767 1594 quos
787 1546 906 1594 paulo
921 1551 1012 1582 ante
1028 1550 1241 1592 conruptos
1256 1543 1437 1590 diximus,
1459 1552 1481 1588 6

111 1612 250 1650 cohors
273 1623 352 1648 una
376 1611 561 1659 Ligurum
586 1622 673 1647 curn
696 1609 850 1647 duabus
870 1608 1006 1646 turmis
1027 1609 1224 1645 Thracum
1245 1615 1284 1646 et
1305 1608 1439 1657 paucis

110 1674 290 1726 gregariis
328 1673 514 1712 militibus
553 1672 738 1712 transiere
778 1674 828 1711 ad
866 1686 1009 1723 regem,
1043 1679 1082 1711 et
1114 1672 1291 1711 centurio
1326 1672 1438 1721 primi

111 1739 179 1789 pili
210 1738 344 1777 tertiae
377 1737 541 1787 legionis
572 1751 641 1787 per
671 1737 944 1783 munitionem,
971 1750 1090 1786 quam
1121 1736 1177 1775 uti
1209 1738 1438 1775 defenderet

111 1809 324 1853 acceperat,
346 1803 478 1839 locum
501 1801 680 1839 hostibus
700 1801 926 1840 introeundi
947 1801 1067 1846 dedit,
1092 1814 1216 1849 eaque
1238 1801 1438 1839 Numidae

111 1866 242 1906 cuncti
267 1866 455 1915 inrupere.
516 1865 636 1903 nostri
660 1866 776 1904 foeda
799 1866 900 1914 fuga,
924 1865 1100 1914 plerique
1124 1864 1287 1902 abiectis
1308 1866 1436 1910 armis,
1459 1882 1478 1919 7

111 1944 342 1982 proxumum
380 1932 522 1969 collem
556 1937 861 1979 occupauerunt.
920 1942 999 1967 nox
1031 1936 1150 1978 atque
1182 1930 1328 1979 praeda
1359 1943 1439 1967 cas-
1458 1939 1480 1973 8

111 2004 257 2035 trorum
284 1994 419 2042 hostis,
449 1994 659 2044 quominus
689 1994 852 2032 uictoria
880 2001 1091 2040 uterentur,
1116 2001 1308 2032 remorata
1335 2001 1435 2032 sunt.

111 2060 254 2099 deinde
282 2060 472 2109 Iugurtha
497 2067 655 2109 postero
680 2059 744 2098 die
769 2072 858 2096 cum
886 2060 989 2097 Aulo
1012 2057 1052 2095 in
1079 2058 1294 2106 conloquio
1318 2059 1438 2096 uerba
1457 2072 1480 2108 9

111 2123 225 2163 facit:
266 2124 421 2162 tametsi
453 2123 583 2173 ipsum
613 2136 703 2160 cum
732 2123 902 2161 exercitu
932 2124 1035 2161 fame
1065 2129 1104 2161 et
1131 2124 1232 2160 ferro
1261 2123 1438 2161 clausum

112 2196 269 2234 teneret,
299 2196 433 2226 tamen
467 2202 507 2226 se
542 2195 759 2226 memorem
787 2189 1044 2225 humanarum
1073 2200 1214 2233 rerum,
1244 2186 1275 2225 si
1304 2200 1436 2225 secum

112 2254 250 2292 foedus
291 2254 445 2300 faceret,
486 2252 694 2291 incolumis
739 2253 868 2290 omnis
913 2253 986 2289 sub
1029 2252 1160 2301 iugum
1203 2251 1438 2297 missurum3
