1596 2495
177 136 222 173 52
536 124 576 161 C.
620 121 909 160 SALLUSTI
947 119 1147 158 CRISPJ

95 228 155 272 73
258 227 380 276 Igitur
405 228 598 271 Metellus,
622 226 689 263 ubi
710 227 759 264 de
787 239 879 263 casu
909 224 1139 262 Bomilcaris
1166 232 1205 262 et
1232 222 1378 260 indicio
1406 229 1509 271 patc—

175 294 278 331 facto
317 306 362 330 ex
397 291 564 340 perfugis
598 290 795 340 cognouit,
832 302 961 327 rursus
997 297 1197 337 tamquam
1233 288 1283 325 ad
1316 285 1506 335 integrum

136 372 154 396 2
177 359 323 397 bellum
353 364 496 394 cuncta
526 363 634 405 parat
668 355 914 403 festinatque.
977 353 1160 398 Marium,
1198 352 1425 402 fatigantem
1459 351 1509 388 de

178 422 432 473 profectione,
482 422 597 459 simul
637 429 674 460 et
719 420 885 458 inuitum
932 426 969 457 et
1015 419 1209 456 offensum
1255 417 1329 456 sibi
1374 429 1509 466 parum

136 498 156 533 3
179 488 362 526 idoneum
393 493 507 532 ratus,
537 486 699 524 domum
728 484 900 523 dimittit.
960 490 997 521 et
1023 484 1178 521 Romae
1202 484 1339 532 plebes
1360 480 1508 529 litteris,

179 566 280 602 quae
309 553 358 590 de
390 552 555 589 Metello
585 564 631 588 ac
666 549 794 588 Mario
829 550 970 587 missae
1004 556 1125 594 erant,
1161 547 1328 597 cognitis
1362 547 1511 585 uolenti

137 630 160 663 4
180 617 312 655 animo
342 617 391 654 de
417 616 612 653 ambobus
639 620 883 663 acceperant.
943 611 1169 661 imperatori
1195 613 1390 658 nobilitas,
1411 624 1512 661 quae

181 689 296 720 antea
316 681 447 719 decori
469 679 548 725 fuit,
572 679 744 718 inuidiae
765 691 861 725 esse,
883 685 922 716 at
943 677 996 715 illi
1016 678 1123 715 alteri
1144 677 1295 727 generis
1316 675 1514 714 humilitas

181 747 354 785 fauorem
384 745 601 783 addiderat.
660 752 831 782 ceterum
861 743 900 780 in
929 750 1095 791 utroque
1125 741 1246 792 magis
1275 740 1404 780 studia
1432 753 1513 790 par-

140 823 159 859 5
183 811 279 849 tium
327 823 445 859 quam
494 811 599 848 bona
647 816 713 847 aut
762 809 864 846 mala
912 821 980 845 sua
1029 808 1241 845 moderata.
1314 813 1515 855 praeterea

182 875 357 914 seditiosi
387 874 633 923 magistratus
663 875 819 923 uolgum
853 872 1056 922 exagitare,
1091 871 1296 909 Metellum
1330 869 1515 908 omnibus

183 940 434 979 contionibus
481 938 621 988 capitis
669 951 876 984 accersere,
927 936 1029 974 Mari
1075 935 1259 973 uirtutem
1305 934 1345 972 in
1390 934 1515 973 maius

141 1007 164 1043 6
183 1006 388 1043 celebrare.
448 1003 620 1052 denique
641 1003 777 1051 plebes
798 1001 853 1039 sic
874 1014 1051 1047 accensa,
1073 1000 1130 1039 uti
1150 1000 1311 1050 opifices
1330 1007 1517 1050 agrestes-

185 1083 262 1119 que
296 1081 445 1114 omneS‚
482 1081 647 1117 quorum
681 1080 739 1105 res
774 1067 950 1115 fidesque
984 1066 1023 1103 in
1058 1065 1240 1103 manibus
1270 1064 1366 1103 sitae
1396 1072 1514 1110 erant,

187 1135 329 1172 relictis
363 1133 547 1182 operibus
581 1133 872 1180 frequentarent
909 1130 1080 1168 Marium
1118 1137 1157 1167 et
1196 1142 1266 1167 sua
1300 1128 1517 1167 necessaria

146 1212 164 1247 7
188 1207 276 1248 post
304 1197 404 1235 illius
434 1199 625 1235 honorem
656 1197 853 1234 ducerent.
913 1195 967 1232 ita
992 1195 1170 1244 perculsa
1196 1193 1401 1231 nobilitate
1429 1200 1517 1242 post

190 1264 330 1302 multas
359 1269 611 1311 tempestates
641 1274 747 1299 nouo
775 1260 925 1299 homini
952 1261 1177 1297 consulatus
1203 1259 1421 1296 mandatur.
1481 1266 1519 1296 et

189 1337 325 1379 postea
346 1328 514 1377 populus
534 1340 557 1364 a
577 1325 733 1364 tribuno
753 1325 880 1375 plebis
899 1327 945 1362 T.
972 1323 1124 1361 Manlio
1146 1323 1337 1361 Mancino
1363 1331 1519 1372 rogatus

191 1407 307 1443 quem
327 1394 446 1431 uellet
466 1405 556 1429 cum
584 1392 771 1440 Iugurtha
797 1391 944 1428 bellum
971 1402 1112 1439 gerere,
1140 1390 1321 1438 frequens
1349 1387 1518 1426 Marium

190 1459 309 1498 iussit.
351 1459 420 1497 sed
441 1459 558 1507 paulo
577 1461 664 1494 ante
682 1461 834 1494 senatus
850 1456 1001 1493 M'ctello
1020 1455 1251 1492 Nurszldiam
1272 1454 1520 1492 decreuerat:

192 1538 238 1563 ea
258 1537 318 1562 res
338 1524 477 1561 frustra
496 1520 577 1559 fuit.

114 1587 174 1632 74
275 1589 428 1627 Eodem
451 1596 626 1636 tempore
649 1585 834 1635 Iugurtha
853 1583 1004 1622 amissis
1025 1582 1159 1621 amicis
1178 1583 1360 1632 (quorum
1381 1584 1524 1631 pleros-

194 1668 271 1704 que
291 1655 373 1703 ipse
395 1658 614 1697 necauerat‚
638 1649 757 1688 ceteri
777 1648 996 1694 formidine,
1025 1660 1112 1697 pars
1140 1648 1190 1685 ad
1218 1649 1434 1694 Romanos,
1460 1647 1523 1684 alii

194 1720 244 1758 ad
278 1731 408 1768 regem
444 1717 644 1755 Bocchum
680 1713 959 1764 profugerant),
990 1725 1080 1751 cum
1111 1724 1240 1760 neque
1271 1712 1414 1750 bellum
1443 1711 1525 1760 geri

196 1785 279 1824 sine
308 1781 543 1822 administris
573 1787 706 1829 posset
736 1786 772 1817 et
802 1790 995 1816 nouorum
1021 1777 1138 1815 fidem
1165 1776 1205 1813 in
1232 1783 1339 1814 tanta
1364 1775 1526 1826 perfidia

197 1857 374 1887 ueterum
409 1845 574 1895 experiri
608 1844 871 1894 periculosum
907 1843 1079 1889 duceret,
1115 1841 1243 1879 uarius
1277 1841 1525 1890 incertusque

198 1914 379 1964 agitabat.
438 1924 567 1960 neque
604 1909 658 1946 illi
696 1922 756 1946 res
795 1921 923 1957 neque
962 1905 1168 1945 consilium
1206 1914 1273 1944 aut
1318 1906 1525 1956 quisquam

199 1977 402 2016 hominum
450 1975 540 2012 satis
588 1974 780 2023 placebat.
839 1971 976 2010 itinera
1018 1971 1314 2020 praefectosque
1359 1969 1398 2007 in
1443 1969 1526 2008 dies

201 2052 361 2089 mutare,
402 2043 523 2080 modo
561 2042 771 2079 aduorsum
809 2039 944 2085 hostis,
984 2037 1179 2076 interdum
1218 2037 1258 2075 in
1289 2037 1526 2075 ‘solitudines

202 2122 370 2160 pergere,
393 2121 510 2156 saepe
530 2108 569 2144 in
590 2108 680 2155 fuga
699 2119 744 2143 ac
764 2113 853 2153 post
880 2105 1000 2153 paulo
1027 2103 1066 2141 in
1093 2103 1208 2140 armis
1234 2116 1343 2151 spem
1372 2103 1527 2148 habere,

202 2173 379 2213 dubitare
418 2170 548 2210 uirtuti
586 2184 636 2208 an
670 2169 762 2207 fidei
797 2168 1042 2218 popularium
1078 2167 1206 2204 minus
1240 2167 1437 2205 crederet:
1476 2160 1553 2205 ita*

163 2257 181 2280 2
203 2236 702 2288 quocumqueintenderat
736 2247 796 2272 res
828 2234 1020 2271 aduorsae
1052 2239 1170 2271 erant.
1230 2231 1300 2269 sed
1331 2230 1432 2270 inter
1464 2244 1529 2269 eas

204 2315 331 2341 moras
382 2307 542 2350 repente
598 2312 684 2337 sese
737 2298 921 2336 Metellus
977 2310 1067 2334 cum
1119 2297 1287 2334 exercitu
1344 2296 1525 2335 ostendit.
