1596 2495
138 86 185 121 26
500 85 539 122 C.
579 85 723 122 SALL
737 85 876 123 UST]
910 87 1111 125 CRISPJ

95 203 114 227 2
135 191 229 228 dum
276 190 374 228 haec
422 191 576 227 Romae
621 196 816 239 geruntur,
858 190 925 240 qui
969 191 1008 228 in
1050 191 1239 230 Numidia
1281 192 1405 231 relicti
1449 207 1472 232 a

136 253 267 293 Bestia
306 253 490 293 exercitui
524 262 740 303 praeerant,
776 254 901 293 secuti
936 268 1086 293 morem
1121 256 1366 305 imperatoris
1400 257 1469 304 sui,

93 337 114 374 3
134 321 314 370 pluruma
340 327 378 357 et
406 318 722 369 flagitiosissuma
746 319 921 358 facinora
948 321 1083 360 fecere.
1144 322 1250 359 fuere
1277 321 1346 370 qui
1374 335 1471 361 auro

133 384 315 434 conrupti
362 385 596 434 elephantos
645 386 860 434 Iugurthae
907 386 1118 431 traderent,
1169 386 1234 424 alii
1290 388 1471 437 perfugas

92 465 116 499 4
135 450 318 496 uendere,
336 462 425 498 pars
445 462 493 488 ex
513 449 663 500 pacatis
683 451 849 500 praedas
869 452 1062 500 agebant:
1082 458 1192 489 tanta
1208 451 1267 489 uis
1287 452 1471 491 auaritiae

93 530 112 568 5
134 516 174 553 in
195 515 348 553 animos
369 527 504 553 eorum
526 515 648 554 ueluti
668 516 780 554 tabes
801 514 1008 554 inuaserat.
1067 524 1108 554 at
1129 516 1288 554 Cassius
1304 525 1469 567 praetor,

133 581 282 630 perlata
302 580 506 629 rogatione
526 592 549 617 a
570 580 614 619 C.
638 580 834 618 Memmio
854 592 900 618 ac
921 581 1101 629 perculsa
1121 580 1229 619 omni
1251 581 1469 629 nobilitate,

133 646 185 683 ad
215 645 443 695 Iugurtham
474 644 743 695 proficiscitur,
776 645 891 695 eique
921 645 1062 684 timido
1092 653 1130 684 et
1157 659 1205 685 ex
1231 645 1472 686 conscientia

134 710 328 749 diffidenti
347 712 464 749 rebus
485 710 563 749 suis
583 712 804 760 persuadet,
828 711 1016 760 quoniam
1037 723 1079 750 se
1107 713 1257 761 populo
1286 714 1471 750 Romano

134 776 319 822 dedisset,
349 789 400 814 ne
429 776 510 814 uim
541 789 659 825 quam
687 775 994 814 misericordiam
1021 776 1104 815 eius
1132 776 1297 826 experiri
1325 778 1471 818 mallet.

136 840 318 890 priuatim
349 848 553 890 praeterea
583 842 703 879 fidem
734 854 844 879 suam
874 841 1099 891 interponit,
1139 854 1258 892 quam
1292 841 1357 880 ille
1390 855 1471 880 non

135 905 295 944 minoris
322 919 441 955 quam
469 906 671 956 publicam
698 907 893 945 ducebat:
925 906 1011 944 talis
1039 919 1086 945 ea
1113 914 1348 956 tempestate
1368 908 1472 945 fama

59 973 118 1018 33
135 971 184 1009 de
206 970 345 1010 Cassio
366 978 458 1009 erat.
517 970 633 1020 igitur
660 972 850 1020 Iugurtha
876 978 1016 1010 contra
1042 972 1164 1010 decus
1190 971 1338 1021 regium
1366 973 1472 1010 cultu

95 1054 113 1077 2
135 1049 252 1086 quam
283 1049 467 1075 maxume
497 1036 707 1075 miserabili
738 1050 829 1075 cum
865 1036 1004 1075 Cassio
1040 1038 1210 1075 Romam
1246 1036 1364 1075 uenit.
1425 1051 1472 1076 ac

135 1102 289 1140 tametsi
326 1102 366 1140 in
405 1102 491 1151 ipso
530 1115 673 1152 magna
715 1101 774 1140 uis
818 1101 939 1140 animi
985 1109 1077 1149 erat,
1125 1103 1376 1141 confirmatus
1421 1104 1472 1142 ab

134 1166 333 1214 omnibus,
363 1180 530 1216 quorum
560 1166 737 1216 potentia
766 1173 833 1205 aut
864 1168 1010 1205 scelere
1044 1174 1187 1205 cuncta
1220 1180 1268 1206 ea
1300 1176 1472 1218 gesserat

134 1244 235 1281 quae
264 1245 380 1282 supra
409 1231 591 1277 diximus,
625 1233 669 1270 C.
707 1231 897 1270 Baebium
932 1232 1133 1270 tribunum
1168 1232 1294 1282 plebis
1329 1246 1472 1283 magna

135 1298 316 1335 mercede
338 1291 460 1346 parat,
482 1296 592 1334 cuius
613 1296 848 1346 inpudentia
867 1305 1003 1335 contra
1024 1297 1083 1335 ius
1103 1304 1142 1336 et
1162 1296 1320 1335 iniurias
1341 1297 1469 1336 omnis

92 1377 114 1411 3
135 1361 309 1400 munitus
334 1363 444 1415 foret.
503 1368 543 1399 at
571 1362 614 1400 C.
647 1361 863 1400 Memmius
889 1363 1085 1400 aduocata
1110 1363 1308 1410 contione,
1338 1376 1472 1412 quam-

134 1440 251 1477 quam
272 1426 352 1477 regi
372 1427 511 1466 infesta
531 1428 668 1476 plebes
689 1435 771 1466 erat
789 1434 829 1466 et
848 1441 937 1478 pars
953 1428 993 1466 in
1010 1427 1168 1466 uincula
1183 1427 1275 1465 duci
1295 1427 1468 1475 iubebat,

135 1505 236 1542 pars,
272 1492 346 1530 nisi
381 1492 511 1531 socios
546 1491 701 1531 sceleris
735 1493 794 1531 sui
829 1492 1007 1543 aperiret,
1043 1506 1152 1531 more
1187 1492 1380 1531 maiorum
1421 1494 1470 1532 de

134 1559 247 1597 hoste
267 1557 504 1608 supplicium
525 1558 638 1605 sumi,
661 1557 840 1608 dignitati
861 1571 978 1608 quam
1007 1558 1085 1597 irae
1111 1558 1234 1607 magis
1258 1560 1469 1597 consulens

134 1625 271 1663 sedare
292 1632 423 1662 motus
443 1631 481 1662 et
501 1623 654 1662 animos
675 1637 810 1662 eorum
831 1623 994 1671 mollire,
1017 1630 1218 1673 postremo
1239 1625 1468 1662 confirmare

93 1700 117 1733 4
135 1689 254 1727 fidem
281 1687 480 1738 publicam
507 1683 575 1738 per
602 1700 687 1726 sese
717 1687 946 1726 inuiolatam
978 1688 1070 1725 fore.
1129 1693 1232 1736 post,
1260 1686 1327 1725 ubi
1359 1687 1470 1726 silen-

135 1753 231 1792 tium
252 1755 397 1803 coepit,
418 1753 612 1803 producto
641 1753 829 1802 Iugurtha
857 1753 977 1791 uerba
1003 1751 1118 1789 facit:
1150 1753 1305 1790 Romae
1334 1753 1470 1791 Numi-

136 1819 303 1869 diaeque
323 1819 497 1857 facinora
516 1817 598 1857 eius
618 1825 823 1865 memorat,
846 1818 994 1855 scelera
1013 1816 1052 1854 in
1079 1824 1229 1866 patrem
1255 1819 1469 1866 fratresque

136 1885 332 1924 ostendit:
361 1885 503 1934 quibus
534 1884 760 1922 iuuantibus
795 1882 1017 1932 quibusque
1050 1881 1235 1920 ministris
1269 1896 1316 1921 ea
1350 1883 1467 1932 egerit

136 1962 374 2000 quamquam
396 1949 595 2000 intellegat
615 1950 787 1999 populus
816 1950 1031 1993 Romanus,
1060 1954 1193 1985 tamen
1221 1948 1324 1986 uelle
1350 1947 1469 1985 mani-

136 2015 232 2052 festa
266 2014 388 2064 magis
423 2027 470 2052 ex
503 2014 570 2052 illo
604 2015 771 2061 habere3
811 2012 841 2050 si
880 2025 1016 2050 uerum
1050 2011 1209 2061 aperiat,
1246 2011 1285 2049 in
1319 2013 1396 2051 fide
1430 2019 1468 2050 et

136 2079 345 2118 clementia
382 2080 517 2129 populi
557 2078 731 2116 Romani
770 2090 953 2127 magnam
992 2089 1102 2125 spem
1141 2076 1193 2114 illi
1233 2077 1358 2124 sitam,
1408 2077 1467 2114 sin

136 2144 307 2190 reticeat,
344 2157 425 2181 non
460 2143 576 2181 sociis
611 2143 724 2181 saluti
758 2144 852 2187 fore,
888 2142 957 2179 sed
991 2154 1032 2178 se
1062 2153 1230 2189 suasque
1260 2154 1349 2189 spes
1378 2154 1468 2178 con-

56 2207 117 2250 34
136 2216 348 2257 rupturum.
409 2207 554 2245 deinde
592 2207 659 2245 ubi
700 2206 914 2244 Memmius
953 2205 1115 2243 dicundi
1150 2206 1268 2242 finem
1304 2204 1394 2242 fecit
1428 2212 1466 2242 et

140 2273 327 2322 Iugurtha
346 2271 586 2320 respondere
606 2271 732 2308 iussus
753 2279 823 2317 est,
853 2271 897 2308 C.
930 2269 1095 2307 Baebius
1124 2269 1301 2306 tribunus
1328 2267 1464 2318 plebis,
