1596 2495
441 64 529 100 DE
566 63 764 101 BELLO
801 64 1198 102 IUGURTHINO
1436 76 1479 100 21

152 167 194 203 L.
238 167 392 203 Bestia:
440 164 658 214 Calpurnio
698 164 899 210 Numidia,
941 164 1115 214 Scipioni
1155 165 1270 203 Italia
1309 165 1482 203 obuenit.

151 230 295 269 deinde
319 229 509 269 exercitus
536 231 601 280 qui
625 230 666 268 in
688 231 859 267 Africam
883 236 1104 278 portaretur
1126 229 1316 277 scribitur,
1345 229 1485 280 stipen-
1504 241 1524 279 5

151 294 259 333 diurn
301 296 454 344 aliaque
500 308 601 344 quae
646 294 751 333 bello
796 293 882 332 usui
927 295 1056 333 forent
1103 294 1378 334 decernuntur.
1445 303 1485 334 at
1504 300 1562 344 28

152 360 350 410 Iugurtha,
381 367 519 399 contra
547 373 657 411 spem
686 360 826 398 nuntio
857 368 1032 411 accepto,
1064 359 1210 410 quippe
1239 359 1300 398 cui
1331 362 1484 399 Romae

150 425 282 463 omnia
301 438 447 464 uenum
467 425 521 464 ire
546 424 587 462 in
613 424 746 463 animo
773 426 963 472 haeserat,
984 425 1107 463 filium
1132 432 1172 464 et
1195 438 1286 464 cum
1314 438 1362 464 eo
1382 426 1484 464 duos

150 489 346 528 familiaris
379 491 430 529 ad
465 499 645 529 senatum
676 491 825 540 legatos
857 490 976 529 mittit
1010 490 1157 540 eisque,
1188 490 1244 529 uti
1278 490 1353 529 illis
1384 504 1484 541 quos

152 554 386 605 Hiempsale
432 555 638 594 interfecto
684 555 852 602 miserat,
899 554 1090 605 praecipit
1136 555 1264 593 omnis
1311 555 1484 594 mortalis

150 620 319 669 pecunia
344 620 625 670 aggrediantur.
685 620 753 670 qui
778 627 988 670 postquam
1011 622 1181 659 Romam
1203 621 1483 668 aduentabant‚
1506 639 1524 662 2

150 692 306 723 senatus
326 698 349 722 a
370 685 502 723 Bestia
529 686 730 724 consultus
757 693 816 723 est
843 687 1068 735 placeretne
1095 687 1245 735 legatos
1273 686 1485 736 Iugurthae

150 750 270 799 recipi
302 750 522 797 moenibus,
560 750 675 800 eique
709 751 932 796 decreuere,
969 749 1042 788 nisi
1081 763 1244 800 regnum
1278 750 1485 800 ipsumque

151 814 326 853 deditum
365 814 575 862 uenissent,
610 815 666 853 uti
699 814 740 853 in
781 814 920 854 diebus
958 815 1158 865 proxumis
1198 816 1336 855 decem
1372 815 1485 854 Italia

150 879 398 918 decederent.
457 881 595 917 consul
630 879 813 918 Numidis
848 893 896 919 ex
929 887 1087 918 senatus
1122 880 1283 918 decreto
1317 879 1484 918 nuntiari
1504 893 1526 929 3

151 944 282 982 iubet:
328 944 383 982 ita
414 943 568 983 infectis
602 945 719 982 rebus
757 944 813 982 illi
852 944 1015 983 domum
1054 943 1273 983 discedunt.
1330 943 1527 994 interim4

152 1009 386 1058 Calpurnius
430 1017 566 1060 parato
612 1009 782 1048 exercitu
830 1010 932 1058 legat
980 1009 1053 1048 sibi
1100 1010 1281 1048 homines
1329 1010 1482 1056 nobilis,

151 1075 346 1121 factiosos,
377 1087 544 1124 quorum
574 1074 808 1112 auctoritate
837 1086 940 1124 quae
971 1074 1198 1124 deliquisset
1227 1074 1377 1112 munita
1403 1075 1485 1113 fore

151 1139 344 1187 sperabat.
403 1139 443 1176 in
472 1138 558 1187 quis
588 1138 660 1176 fuit
689 1139 865 1185 Scaurus,
894 1137 1004 1176 cuius
1033 1139 1083 1177 de
1113 1146 1251 1177 natura
1282 1147 1318 1177 et
1347 1139 1484 1177 habitu

151 1216 267 1253 supra
286 1204 602 1243 memorauimus.
661 1215 753 1241 narn
775 1202 815 1241 in
837 1203 999 1241 consule
1019 1210 1154 1242 nostro
1175 1205 1321 1242 multae
1337 1204 1484 1243 bonae·
1505 1219 1524 1257 5

151 1282 227 1318 que
247 1276 347 1308 artes
367 1269 487 1308 animi
515 1276 554 1307 et
580 1268 753 1318 corporis
781 1275 901 1314 erant,
926 1281 1023 1317 quas
1043 1268 1173 1307 omnis
1197 1267 1358 1307 auaritia
1377 1282 1484 1319 prae-

152 1333 360 1383 pediebat:
399 1331 552 1382 patiens
590 1334 780 1379 laborum,
814 1331 891 1371 acri
931 1331 1102 1382 ingenio,
1134 1332 1226 1370 satis
1259 1332 1480 1382 prouidens,

152 1397 243 1435 belli
268 1398 374 1435 haud
400 1396 566 1447 ignarus,
595 1397 851 1435 firmissumus
881 1405 1016 1435 contra
1046 1396 1218 1446 pericula
1245 1404 1283 1436 et
1310 1397 1481 1436 insidias.

152 1462 221 1499 sed
241 1461 414 1511 legiones
436 1474 506 1511 per
526 1460 681 1499 Italiam
703 1460 872 1511 Regium
899 1468 1020 1510 atque
1046 1460 1139 1499 inde
1163 1460 1346 1508 Siciliam,
1367 1473 1482 1511 porro
1496 1464 1518 1499 6

152 1538 200 1563 ex
223 1525 353 1564 Sicilia
378 1525 417 1562 in
438 1525 610 1564 Africam
638 1534 894 1565 transuectae.
955 1525 1068 1576 igitur
1094 1525 1335 1575 Calpurnius
1357 1525 1480 1572 initio,
1503 1539 1521 1576 7

151 1590 293 1640 paratis
322 1591 618 1639 commeatibus,
648 1591 787 1630 acriter
816 1591 1047 1630 Numidiam
1077 1591 1271 1641 ingressus
1301 1597 1359 1629 est
1388 1591 1484 1628 mul-

152 1663 292 1704 tosque
321 1655 495 1693 mortalis
522 1663 560 1693 et
589 1655 694 1693 urbis
723 1654 873 1704 aliquot
902 1656 1116 1705 pugnando
1146 1654 1258 1704 cepit.
1319 1655 1388 1693 sed
1418 1655 1483 1693 ubi
1503 1653 1561 1697 29

153 1720 341 1768 Iugurtha
387 1731 457 1768 per
502 1720 650 1769 legatos
698 1718 867 1768 pecunia
913 1726 1106 1769 temptare
1151 1718 1324 1767 bellique
1376 1719 1484 1768 quod

152 1783 446 1821 administrabat
480 1783 728 1832 asperitatem
765 1784 974 1822 ostendere
1007 1783 1151 1832 coepit,
1184 1783 1337 1821 animus
1369 1796 1483 1833 aeger

153 1846 316 1886 auaritia
340 1846 453 1885 facile
481 1859 697 1885 conuorsus
724 1853 793 1885 est.
852 1854 1026 1886 ceterum
1047 1847 1175 1886 socius
1196 1854 1234 1886 et
1255 1847 1482 1886 administer
1504 1866 1521 1888 2

153 1912 330 1951 omnium
374 1911 626 1951 consiliorum
672 1912 891 1950 adsumitur
935 1913 1110 1960 Scaurus,
1151 1912 1217 1962 qui
1261 1913 1416 1951 tametsi
1459 1927 1482 1952 a

153 1975 356 2027 principio,
390 1976 585 2026 plerisque
619 1989 667 2015 ex
702 1976 874 2015 factione
912 1976 994 2015 eius
1033 1977 1246 2027 conrupffi,
1282 1991 1482 2017 acerrume

152 2055 284 2092 regem
313 2041 609 2092 inpugnauerat‚
641 2048 772 2080 tamen
803 2041 1072 2091 magnitudine
1102 2042 1295 2092 pecuniae
1323 2056 1346 2080 a
1374 2044 1481 2081 bono

153 2108 401 2155 honestoque
421 2106 460 2143 in
481 2118 646 2155 prauom
662 2106 879 2144 abstractus
897 2113 965 2144 est.
1024 2107 1095 2145 sed
1112 2108 1298 2156 Iugurtha
1312 2107 1479 2156 primum
1501 2125 1521 2158 3

153 2171 430 2207 tantummodo
462 2170 554 2207 belli
586 2182 736 2207 moram
767 2168 994 2216 redimebat,
1026 2170 1266 2209 existumans
1300 2184 1384 2209 sese
1418 2171 1483 2208 ali-

154 2235 250 2283 quid
279 2234 433 2272 interim
465 2236 618 2272 Romae
647 2234 773 2283 pretio
802 2242 868 2272 aut
897 2235 1018 2290 gratia
1047 2236 1285 2273 effecturum.
1344 2243 1482 2284 postea
