1596 2495
146 88 194 133 38
508 86 546 122 C.
590 86 658 123 SA
667 87 696 122 L
704 87 734 122 L
746 87 881 123 USTJ
921 87 955 123 C
956 87 993 122 R
998 88 1021 123 l
1022 87 1120 123 Sl'l

143 201 260 237 quam
282 188 411 237 campi
434 189 567 234 fuerat,
591 201 638 226 ea
658 201 750 226 uero
771 189 948 227 consueti
970 188 1230 226 Numidarum
1253 190 1341 239 equi
1363 189 1475 228 facile

143 251 242 290 inter
270 252 434 302 uirgulta
464 254 644 298 euadere,
676 261 829 291 nostros
863 253 1050 302 asperitas
1085 261 1122 292 et
1158 254 1366 292 insolentia
1400 254 1476 293 loci

64 317 121 360 51
142 316 346 355 retinebat.
407 326 579 355 ceterum
602 317 720 356 facies
742 317 861 356 totius
883 319 1014 368 negoti
1035 309 1152 366 uaria,
1176 319 1333 366 incerta,
1361 321 1478 359 foeda

143 390 262 431 atque
284 381 524 420 miserabilis.
585 382 749 432 dispersi
775 396 799 420 a
825 383 905 420 suis
932 396 1021 431 pars
1048 384 1198 431 cedere,
1225 384 1290 422 alii
1311 384 1474 434 insequi,

145 460 273 496 neque
308 446 416 496 signa
450 460 580 496 neque
615 446 770 485 ordines
805 449 1024 493 obseruare,
1062 447 1127 486 ubi
1157 461 1354 498 quemque
1383 449 1478 499 peri-

145 514 276 550 culum
305 520 461 562 ceperat
488 511 540 550 ibi
568 511 746 550 resistere
772 525 819 551 ac
844 513 1082 562 propulsare,
1111 526 1230 559 arma,
1259 516 1347 560 tela,
1373 516 1475 564 equi,

147 576 229 623 uiri,
248 577 381 616 hostes
401 585 521 626 atque
537 577 644 615 ciues
665 576 857 626 permixti,
875 576 972 614 nihil
988 576 1153 615 consilio
1170 591 1297 627 neque
1314 578 1478 627 imperio

107 659 124 682 2
146 642 219 692 agi,
255 644 332 681 fors
367 642 500 680 omnia
533 656 674 691 regere.
705 643 866 691 ·itaque
905 644 1070 681 multum
1108 642 1186 680 diei
1225 652 1476 692 processerat,

105 723 127 759 3
147 721 237 746 cum
264 708 382 746 etiarn
412 717 491 745 tum
519 716 684 746 euentus
712 708 749 745 in
779 708 928 747 incerto
954 716 1045 746 erat.
1105 709 1276 758 denique
1296 709 1479 748 omnibus

147 775 279 811 labore
300 782 338 810 et
359 779 466 810 aestu
488 772 680 823 languidis
702 774 899 818 Metellus,
922 773 989 811 ubi
1011 773 1119 812 uidet
1140 773 1335 812 Numidas
1351 773 1479 811 minus

147 838 302 884 instare,
326 837 513 886 paulatim
535 837 677 876 milites
698 838 736 875 in
758 851 879 876 unum
902 839 1100 884 conducit,
1127 839 1285 877 ordines
1312 839 1478 877 restituit

148 910 187 940 et
215 901 386 940 cohortis
417 902 648 950 legionarias
677 909 860 951 quattuor
887 903 1097 941 aduorsum
1126 903 1279 952 pedites
1309 903 1479 941 hostium

149 969 340 1006 conlocat.
401 980 534 1005 eorum
566 980 707 1017 magna
736 981 824 1017 pars
852 967 1117 1017 superioribus
1143 968 1239 1006 locis
1266 969 1366 1006 fessa
1391 982 1481 1007 con—

107 1046 131 1079 4
150 1034 313 1070 sederat.
374 1031 489 1069 simul
519 1044 628 1070 orare
657 1040 695 1070 et
725 1032 869 1071 hortari
898 1032 1051 1078 milites,
1083 1046 1133 1071 ne
1163 1033 1375 1071 deficerent
1405 1047 1478 1072 neu

150 1106 375 1147 paterentur
403 1095 525 1134 hostis
555 1096 738 1146 fugientis
769 1097 952 1135 uincere:
982 1110 1111 1146 neque
1141 1097 1213 1136 illis
1243 1106 1368 1136 castra
1397 1112 1480 1136 esse

151 1175 281 1212 neque
319 1161 607 1200 munimentum
647 1163 780 1208 ullum,
822 1176 902 1211 quo
939 1163 1125 1201 cedentes
1167 1164 1397 1202 tenderent:
1442 1163 1481 1200 in

111 1237 129 1273 5
152 1227 266 1264 armis
287 1225 420 1264 omnia
439 1225 522 1264 sita.
581 1227 651 1265 sed
678 1240 727 1264 ne
757 1228 942 1275 Iugurtha
970 1226 1131 1275 quidem
1158 1227 1306 1266 interea
1327 1228 1482 1277 quietus

152 1300 256 1330 erat:
295 1290 510 1337 circumire,
550 1291 705 1335 hortari,
745 1304 933 1329 renouare
972 1292 1162 1341 proelium
1201 1301 1239 1330 et
1274 1293 1357 1342 ipse
1390 1306 1480 1331 cum

152 1355 314 1394 delectis
352 1363 543 1404 temptare
582 1356 724 1402 omnia,
765 1357 974 1394 subuenire
1013 1356 1103 1402 suis,
1141 1356 1319 1395 hostibus
1352 1358 1482 1395 dubiis

152 1422 306 1466 instare,
329 1433 428 1469 quos
456 1421 588 1459 firmos
615 1429 854 1470 cognouerat
884 1421 1036 1458 eminus
1064 1422 1278 1470 pugnando
1305 1421 1479 1461 retinere.

75 1489 132 1532 52
154 1499 202 1524 eo
224 1486 343 1523 modo
365 1486 465 1523 inter
484 1498 525 1524 se
545 1486 625 1523 duo
647 1485 899 1535 imperatores
920 1485 1063 1523 summi
1083 1486 1151 1524 uiri
1177 1488 1389 1532 certabant,
1410 1487 1483 1536 ipsi

114 1563 131 1585 2
154 1564 276 1600 pares,
316 1557 487 1588 ceterum
527 1550 670 1599 opibus
716 1550 944 1599 disparibus.
1015 1564 1105 1587 nam
1152 1552 1317 1589 Metello
1364 1551 1483 1590 uirtus

155 1615 321 1653 militum
350 1623 442 1661 erat,
470 1616 580 1653 locus
607 1616 809 1658 aduorsus,
839 1616 1049 1664 Iugurthae
1075 1614 1151 1653 alia
1177 1616 1309 1653 omnia
1334 1623 1484 1665 praeter

113 1696 134 1731 3
156 1679 297 1717 milites
319 1687 552 1728 opportuna.
612 1680 784 1729 denique
807 1679 989 1725 Romani,
1015 1680 1080 1717 ubi
1102 1680 1331 1731 intellegunt
1356 1695 1484 1730 neque

155 1744 229 1783 sibi
258 1744 474 1793 perfugium
506 1757 591 1782 esse
618 1757 747 1793 neque
773 1745 823 1782 ab
851 1745 964 1782 hoste
991 1745 1147 1794 copiam
1175 1746 1377 1795 pugnandi
1404 1746 1484 1784 fieri

156 1810 212 1861 (et
242 1809 319 1847 iam
349 1809 412 1847 die
442 1822 581 1858 uesper
610 1810 706 1859 erat>
736 1810 905 1847 aduorso
936 1811 1046 1855 colle,
1083 1810 1196 1848 sicuti
1230 1819 1483 1861 praeceptum

116 1876 290 1921 4fue1·at,
335 1874 516 1911 euadunt.
587 1873 730 1912 amisso
775 1875 863 1912 loco
910 1875 1109 1912 Numidae
1153 1875 1227 1912 fusi
1272 1875 1482 1925 fugatique.

158 1937 274 1988 pauci
295 1938 483 1985 interiere,
506 1938 715 1987 plerosque
743 1938 930 1976 uelocitas
959 1946 996 1976 et
1023 1938 1127 1988 regio
1155 1939 1331 1977 hostibus
1355 1939 1487 1989 ignara

159 2011 282 2040 tutata
306 2010 406 2040 sunt.

120 2080 138 2115 5
241 2067 395 2104 Interea
431 2067 638 2112 Bomilcar,
674 2079 791 2115 quern
826 2067 1042 2116 elephantis
1075 2075 1113 2105 et
1151 2067 1248 2117 parti
1287 2069 1483 2117 copiarum

160 2130 398 2179 pedestrium
422 2132 661 2179 praefectum
682 2131 731 2168 ab
754 2133 941 2180 Iugurtha
962 2144 1077 2181 supra
1096 2131 1275 2178 diximus,
1302 2131 1369 2173 ubi
1396 2145 1484 2170 eum

162 2194 332 2232 Rutilius
352 2204 658 2244 praetergressus
681 2203 748 2241 est,
771 2196 958 2245 paulatim
979 2208 1069 2234 suos
1094 2195 1134 2233 in
1162 2209 1329 2244 aequom
1356 2198 1485 2235 locum

162 2259 320 2298 deducit
350 2273 405 2305 ac,
438 2260 531 2296 dum
563 2261 711 2308 legatus
740 2260 789 2297 ad
820 2261 978 2307 flumen,
1014 2274 1093 2310 quo
1126 2261 1360 2311 praemissus
1394 2270 1484 2310 erat,
