1596 2495
421 108 509 144 DE
545 106 744 145 BELLO
779 107 1180 145 IUGURTHJNO
1417 112 1464 158 67

137 210 364 258 locupletes,
387 211 437 248 ad
457 211 607 249 caelum
630 211 740 256 ferre,
762 211 960 249 Numidae
981 210 1104 261 magis
1124 224 1242 261 quam
1263 213 1466 251 mortalem

137 274 282 321 timere,
305 283 504 324 postremo
524 288 675 323 omnes,
698 275 792 314 socii
820 283 938 325 atque
966 277 1109 322 hostes,
1138 277 1296 314 credere
1323 277 1375 314 illi
1403 284 1467 314 aut

137 347 310 377 mentem
341 339 515 377 diuinam
547 353 633 378 esse
667 347 732 377 aut
767 341 930 378 deorum
965 348 1063 378 nutu
1098 349 1240 378 cuncta
1273 341 1465 390 portendi.

136 404 204 442 sed
235 405 384 451 consul,
416 404 481 442 ubi
511 417 557 443 ea
586 418 646 443 res
675 405 777 443 bene
806 405 949 451 euenit,
978 406 1028 443 ad
1055 404 1130 442 alia
1156 405 1305 454 oppida
1332 406 1465 456 pergit,
1487 421 1508 457 3

137 481 264 517 pauca
292 469 600 518 repugnantibus
631 469 815 507 Numidis
846 469 960 519 capit,
992 471 1103 519 plura
1130 471 1277 508 deserta
1311 480 1468 519 propter

138 532 396 582 Capsensium
437 533 609 571 miserias
647 532 726 583 igni
763 533 1010 583 conrumpit:
1049 535 1156 572 luctu
1193 541 1312 584 atque
1346 536 1468 573 caede

137 597 270 635 onmia
298 599 543 648 conplentur.
601 599 773 648 denique
800 599 932 637 multis
959 598 1055 637 locis
1084 598 1242 648 potitus,
1265 613 1311 637 ac
1337 601 1467 649 pleris-
1486 614 1509 647 4

136 676 212 712 que
246 663 415 702 exercitu
446 663 662 710 incruento,
694 663 809 702 aliam
841 677 924 702 rem
954 665 1185 714 aggreditur,
1217 678 1298 703 non
1327 666 1466 704 eadem

135 726 342 776 asperitate
362 741 440 777 qua
461 728 732 778 Capsensium,
755 737 928 767 ceterum
950 730 1055 767 haud
1076 742 1188 768 secus
1209 730 1420 769 difficilem.

216 793 400 842 Namque
430 794 534 832 haud
562 795 679 844 longe
704 807 727 833 a
753 795 914 832 flumine
944 795 1168 842 Muluccha,
1197 795 1305 844 quod
1334 797 1505 845 Iugur-5

136 857 226 894 thae
266 857 490 907 Bocchique
531 871 692 907 regnum
739 858 979 907 diiungebat,
1027 865 1108 896 erat
1152 857 1252 896 inter
1296 867 1465 898 ceteram

135 921 336 971 planitiem
371 935 485 961 mons
519 936 668 970 saxeus,
705 923 895 961 mediocri
928 925 1091 961 castello
1121 924 1213 962 satis
1243 932 1394 974 patens,
1424 926 1464 962 in

135 984 358 1024 inmensum
379 986 508 1025 editus
527 1000 608 1026 uno
628 995 866 1037 perangusto
893 987 1002 1026 aditu
1029 987 1188 1028 relicto:
1218 1002 1308 1026 nam
1337 988 1465 1027 omnis

136 1058 272 1088 natura
301 1052 408 1090 uelut
436 1064 552 1101 opere
579 1061 698 1101 atque
724 1053 906 1090 consulto
934 1065 1129 1103 praeceps.
1187 1066 1305 1103 quem
1334 1055 1463 1091 locum
1484 1054 1505 1089 6

136 1115 295 1162 Marius,
331 1117 439 1166 quod
476 1116 529 1155 ibi
566 1117 666 1166 regis
700 1117 868 1155 thesauri
902 1126 1022 1163 erant,
1059 1130 1212 1155 summa
1247 1117 1287 1155 ui
1324 1131 1464 1167 capere

135 1179 313 1219 intendit.
372 1182 443 1220 sed
482 1194 528 1219 ea
565 1194 625 1220 res
663 1182 762 1220 forte
799 1195 916 1231 quam
956 1182 1122 1220 consilio
1161 1182 1298 1220 melius
1342 1191 1461 1233 gesta.

136 1258 226 1283 narn
261 1247 421 1284 castello
452 1246 623 1284 uirorum
652 1255 770 1296 atque
799 1260 995 1286 armorum
1030 1246 1121 1285 satis
1156 1255 1195 1285 et
1230 1261 1371 1298 magna
1404 1248 1502 1297 uis7

134 1311 316 1350 frumenti
354 1319 392 1350 et
435 1313 523 1350 fons
567 1326 703 1361 aquae,
750 1312 954 1363 aggeribus
1000 1312 1249 1362 turribusque
1294 1320 1332 1351 et
1376 1313 1463 1351 altis

135 1376 489 1415 machinationibus
510 1378 619 1415 locus
640 1377 883 1427 inportunuS‚
905 1377 978 1415 iter
1001 1379 1300 1416 castellanorum
1328 1391 1465 1427 angus-

135 1447 218 1478 tum
240 1441 468 1487 admodum,
490 1441 688 1490 utrimque
710 1440 928 1490 praecisum
946 1455 953 1478 ε
983 1454 1026 1479 ea
1045 1441 1184 1479 uineae
1205 1455 1294 1480 curn
1315 1441 1464 1492 ingenti
1481 1443 1503 1478 8

135 1504 306 1555 periculo
335 1507 473 1544 frustra
500 1506 725 1556 agebantur.
782 1518 874 1542 nam
906 1518 993 1543 cum
1024 1518 1094 1543 eae
1122 1507 1240 1556 paulo
1268 1519 1464 1555 processe-

136 1578 232 1617 rant,
254 1570 331 1620 igni
361 1577 428 1608 aut
456 1569 650 1620 lapidibus
676 1571 1046 1618 conrumpebantur,
1070 1569 1210 1608 milites
1238 1583 1366 1620 neque
1392 1584 1462 1620 pro
1481 1585 1503 1621 9

136 1648 254 1684 opere
274 1634 486 1673 consistere
506 1642 664 1685 propter
683 1633 929 1683 iniquitatem
949 1634 1025 1672 loci
1046 1647 1174 1684 neque
1201 1635 1302 1673 inter
1328 1635 1462 1673 uineas

136 1699 219 1737 sine
252 1699 426 1748 periculo
463 1699 756 1738 administrare:
795 1708 977 1749 optumus
1016 1699 1182 1748 quisque
1220 1700 1359 1738 cadere
1397 1708 1495 1738 aut·

136 1763 311 1809 sauciari,
333 1763 470 1802 ceteris
490 1772 618 1802 metus
644 1764 786 1813 augeri.
844 1771 884 1801 at
911 1763 1070 1809 Marius,
1100 1763 1232 1801 multis
1258 1764 1397 1802 diebus
1424 1773 1461 1803 et
1481 1764 1538 1807 93

135 1828 334 1866 laboribus
381 1828 635 1877 consumptis,
684 1827 821 1866 anxius
868 1828 1018 1865 trahere
1065 1841 1154 1865 curn
1202 1828 1335 1866 animo
1390 1842 1461 1867 suo

136 1891 384 1931 omitteretne
417 1892 628 1942 inceptum,
664 1892 852 1941 quoniam
886 1893 1024 1930 frustra
1057 1901 1148 1939 erat,
1184 1906 1234 1930 an
1265 1894 1459 1932 fortunam

136 1958 387 2007 opperiretur,
427 1971 505 2007 qua
542 1971 659 2008 saepe
693 1971 875 2008 prospere
910 1971 1002 1996 usus
1040 1959 1175 1997 fuerat.
1232 1972 1334 2008 quae
1371 1973 1460 1997 cum
1482 1975 1500 1998 2

136 2023 281 2061 multos
301 2022 384 2060 dies
404 2022 609 2072 noctisque
629 2031 811 2061 aestuans
832 2022 1002 2072 agitaret,
1029 2025 1127 2061 forte
1154 2023 1313 2072 quidam
1343 2023 1461 2073 Ligus

137 2099 182 2124 ex
215 2082 442 2124 cohortibus
476 2086 684 2124 auxiliariis
723 2087 833 2124 miles
871 2086 1064 2135 gregarius
1103 2087 1236 2124 castris
1274 2097 1459 2136 aquatum

137 2163 313 2199 egressus
351 2151 456 2188 haud
494 2151 632 2200 procul
669 2152 719 2198 ab
756 2152 875 2189 latere
919 2150 1078 2197 castelli,
1125 2152 1233 2200 quod
1277 2163 1460 2189 auorsum

136 2215 417 2263 proeliantibus
455 2224 548 2262 erat,
586 2215 759 2254 animum
798 2215 969 2253 aduortit
1012 2215 1113 2253 inter
1155 2229 1247 2253 saxa
1290 2215 1461 2264 repentis

138 2278 302 2325 cocleas,
343 2290 503 2327 quarum
543 2292 633 2317 curn
672 2293 791 2318 unam
830 2287 948 2329 atque
986 2281 1159 2328 alteram,
1202 2279 1294 2317 dein
1332 2280 1460 2328 plures

1251 2371 1352 2409 5—-2
