1596 2495
365 85 452 122 DE
493 84 687 121 BELLO
723 83 1119 121 IUGURTHJNO
1274 121 1278 124 ,
1356 94 1405 131 33

75 195 232 226 senatus
253 188 493 234 auctoritate,
516 187 612 225 socii
639 200 865 236 nomenque
895 186 1074 224 Latinum
1105 194 1141 224 et
1169 200 1277 235 reges
1306 188 1404 224 ultro

74 253 216 290 auxilia
250 254 457 299 msttundo,
499 260 700 302 postremo
739 251 867 290 omnis
905 251 1044 289 ciuitas
1083 265 1237 290 summo
1272 252 1403 289 studio

74 317 332 355 adnitebatur.
390 316 521 366 itaque
560 329 608 354 ex
645 315 839 354 sententia
877 315 1061 353 omnibus
1100 318 1217 353 rebus
1262 315 1402 365 paratis
1424 324 1444 363 5

75 381 369 431 conpositisque
390 381 429 419 in
450 381 680 419 Numidiam
700 380 969 431 proficiscitur,
991 393 1134 430 magna
1154 393 1223 430 spe
1245 380 1402 426 ciuium,

75 460 165 485 cum
203 455 361 496 propter
399 448 489 485 artis
529 449 652 485 bonas
690 453 774 484 tum
816 458 999 483 maxume
1043 446 1153 495 quod
1192 446 1403 484 aduorsum

75 511 230 549 diuitias
250 510 439 549 inuictum
460 510 635 549 animum
656 511 824 560 gerebat,
855 517 893 547 et
920 508 1081 548 auaritia
1108 509 1402 559 magistratuum

75 583 167 614 ante
187 575 227 614 id
247 583 402 625 tempus
423 575 461 613 in
484 575 670 613 Numidia
696 582 852 613 nostrae
879 587 975 624 opes
1003 581 1191 612 contusae
1217 575 1404 614 hostium-

76 653 151 689 que
171 648 309 678 auctae
331 648 449 678 erant.

156 706 232 743 Sed
267 705 333 743 ubi
369 705 407 742 in
441 704 611 742 Africam
646 704 764 750 uenit,
800 704 990 743 exercitus
1025 706 1060 743 ei
1095 706 1257 744 traditur
1287 720 1310 744 a
1339 708 1400 756 Sp.
1423 699 1485 744 44

75 770 221 808 Albino
259 772 493 821 proconsule
532 770 644 816 iners,
685 770 848 818 inbellis,
897 783 1025 820 neque
1070 771 1232 820 periculi
1277 785 1406 822 neque

76 835 218 874 laboris
239 835 402 884 patiens,
425 835 558 884 lingua
577 848 694 884 quam
716 848 834 872 manu
862 835 1092 885 promptior,
1122 837 1330 885 praedator
1357 850 1404 874 ex

77 900 191 938 sociis
224 908 262 939 et
301 902 384 950 ipse
422 900 567 950 praeda
600 899 783 946 hostium,
822 900 904 938 sine
939 900 1104 949 imperio
1139 908 1178 938 et
1212 902 1405 940 modestia

77 967 241 1004 habitus.
300 966 353 1004 ita
381 965 605 1015 imperatori
635 979 742 1003 nouo
772 966 860 1014 plus
890 979 937 1003 ex
966 965 1077 1003 malis
1105 966 1279 1005 moribus
1305 966 1405 1005 solli·
1427 979 1446 1003 2

77 1031 259 1069 citudinis
298 1045 415 1080 quam
455 1044 501 1069 ex
538 1030 653 1080 copia
690 1030 857 1068 militum
896 1031 1013 1069 auxili
1051 1039 1117 1069 aut
1156 1033 1238 1081 spei
1277 1033 1405 1071 bonae

77 1096 305 1135 adcedebat.
366 1095 500 1134 statuit
525 1103 658 1134 tamen
688 1097 883 1143 Metellus,
908 1109 1148 1147 quamquam
1177 1105 1215 1136 et
1241 1097 1405 1136 aestiuo·
1425 1106 1445 1140 3

77 1173 161 1198 rum
192 1168 344 1210 tempus
373 1160 620 1199 comitiorum
653 1173 762 1198 mora
792 1160 1039 1207 inminuerat,
1068 1169 1105 1200 et
1132 1163 1405 1212 expectatione

78 1233 242 1263 euentus
263 1224 407 1262 ciuium
434 1224 587 1263 animos
614 1224 786 1263 intentos
814 1228 989 1274 putabat,
1019 1240 1100 1265 non
1129 1226 1235 1276 prius
1259 1228 1403 1265 bellum

77 1289 265 1339 attingere
286 1302 404 1338 quam
422 1290 612 1327 maiorum
630 1290 835 1340 disciplina
850 1290 993 1329 milites
1009 1292 1184 1330 laborare
1200 1291 1402 1341 coegisset.

78 1367 169 1391 narn
193 1353 364 1401 Albinus,
389 1353 479 1391 Auli
500 1353 624 1391 fratris
646 1355 914 1404 exercitusque
934 1356 1046 1394 clade
1070 1357 1284 1405 perculsus,
1303 1366 1406 1406 post·
1425 1367 1449 1400 4

79 1430 196 1466 quam
226 1418 451 1455 decreuerat
480 1430 561 1455 non
589 1417 720 1467 egredi
749 1418 963 1467 prouincia,
995 1426 1187 1468 quantum
1218 1420 1405 1469 temporis

79 1481 313 1519 aestiuorum
335 1481 373 1518 in
395 1481 560 1530 imperio
580 1481 661 1528 fuit,
685 1483 916 1532 plerumque
937 1483 1079 1522 milites
1101 1484 1250 1522 statiuis
1272 1485 1406 1523 castris

81 1546 261 1592 habebat,
293 1545 365 1582 nisi
395 1559 484 1583 cum
515 1546 614 1583 odos
643 1555 709 1584 aut
737 1547 872 1596 pabuli
907 1556 1056 1597 egestas
1091 1549 1222 1586 locum
1257 1557 1406 1588 mutare

80 1613 294 1660 subegerat.
362 1611 432 1648 sed
470 1624 584 1659 neque
619 1613 898 1658 muniebantur,
939 1627 1067 1663 neque
1106 1627 1214 1652 more
1253 1614 1405 1652 militari
1426 1624 1446 1663 5

82 1676 234 1726 uigiliae
253 1673 574 1714 deducebantur:
603 1675 658 1714 uti
685 1678 826 1726 cuique
852 1677 1011 1715 lubebat
1037 1678 1088 1716 ab
1115 1677 1234 1728 signis
1260 1680 1404 1717 aberat.

81 1740 180 1778 lixae
213 1740 391 1789 permixti
423 1753 511 1777 cum
544 1741 731 1779 militibus
764 1742 830 1779 diu
864 1750 1064 1792 noctuque
1097 1745 1338 1794 uagabantur
1369 1753 1408 1783 et

81 1806 258 1854 palantes
278 1818 390 1854 agros
411 1812 573 1851 uastare,
597 1805 708 1844 uillas
730 1819 961 1856 expugnare,
985 1808 1139 1856 pecoris
1159 1816 1198 1846 et
1225 1809 1409 1858 mancipi-

82 1882 191 1907 orum
222 1870 384 1919 praedas
418 1876 610 1907 certantes
644 1884 768 1920 agere,
799 1884 924 1920 eaque
958 1880 1109 1910 mutare
1141 1885 1231 1911 cum
1267 1887 1409 1913 merca-

83 1933 230 1971 toribus
250 1933 343 1970 uino
363 1932 582 1971 aduecticio
602 1940 640 1971 et
666 1934 748 1971 aliis
770 1934 925 1982 talibus,
947 1943 1149 1985 praeterea
1169 1938 1407 1975 frumentum

83 1997 238 2046 publice
268 1998 403 2035 datum
434 1998 613 2045 uendere,
646 2011 790 2047 panem
817 1999 856 2036 in
884 1998 967 2038 dies
994 2001 1178 2039 mercari:
1209 2009 1409 2050 postremo

84 2073 354 2110 quaecumque
393 2061 469 2103 dici
507 2070 574 2100 aut
611 2063 705 2112 fingi
743 2071 892 2112 queunt
936 2064 1114 2113 ignauiae
1158 2067 1408 2116 luxuriaeque

84 2127 226 2174 probra
244 2125 283 2163 in
305 2126 370 2163 illo
391 2126 723 2165 exercitu'cuncta
743 2129 848 2167 fuere
875 2137 913 2167 et
939 2129 1013 2168 alia
1040 2131 1219 2179 amplius.
1279 2133 1348 2170 sed
1369 2132 1409 2170 in
1431 2130 1490 2174 45

85 2202 131 2226 ea
161 2189 386 2228 difficultate
420 2192 625 2229 Metellum
657 2205 738 2230 non
769 2194 899 2231 minus
929 2207 1047 2243 quam
1078 2195 1118 2232 in
1146 2196 1262 2233 rebus
1293 2197 1408 2234 hosti-

85 2254 187 2291 libus
213 2267 397 2304 magnum
425 2263 463 2293 et
491 2256 707 2306 sapientem
734 2257 858 2294 uirum
887 2258 1003 2296 fuisse
1031 2260 1265 2308 conperior:
1301 2269 1411 2297 tanta

193 2345 222 2373 s.
1280 2353 1301 2387 3
