1596 2495
143 151 190 186 54
504 138 542 174 C.
586 138 731 175 SALL
742 138 881 175 USTJ
916 137 1117 174 CRISPJ

75 252 120 276 10
141 239 344 289 oppidani,
379 240 446 290 qui
481 253 522 278 se
557 242 732 278 locorum
767 240 976 289 asperitate
1011 240 1183 276 munitos
1217 238 1473 285 crediderant,

142 318 283 354 magna
321 313 439 355 atque
479 306 635 343 insolita
672 319 712 344 re
751 304 930 354 perculsi,
971 305 1094 343 nihilo
1133 305 1289 354 segnius
1327 306 1475 344 bellum

61 367 120 411 76
141 383 298 420 parare:
337 371 442 409 idem
479 370 601 408 nostri
639 371 775 408 facere.
836 370 905 407 sed
944 382 1010 408 rex
1043 369 1137 407 nihil
1173 370 1250 407 iam
1285 369 1472 407 infectum

144 436 307 473 Metello
344 436 520 482 credens,
562 435 710 485 quippe
755 434 821 484 qui
867 434 1012 480 omnia,
1058 447 1176 480 arma,
1223 436 1312 480 tela,
1352 435 1472 481 locos,

141 508 332 549 tempora,
382 500 553 549 denique
601 506 779 537 naturam
828 499 953 548 ipsam
1003 500 1140 536 ceteris
1184 499 1473 549 imperitantem

143 565 335 603 industria
365 565 523 610 uicerat,
554 578 643 603 cum
674 564 803 603 liberis
833 572 871 602 et
901 577 1043 613 magna
1072 570 1182 613 parte
1209 564 1401 614 pecuniae
1431 578 1477 603 ex

143 631 292 680 oppido
323 638 440 669 noctu
471 631 650 680 profugit,
683 643 812 680 neque
842 638 980 679 postea
1008 629 1047 667 in
1079 631 1159 668 ullo
1188 631 1276 668 loco
1306 631 1475 681 amplius

144 708 224 733 uno
243 695 307 733 die
328 703 393 733 aut
414 709 491 733 una
512 703 628 733 nocte
656 702 830 733 moratus
856 695 1065 733 simulabat
1093 708 1177 733 sese
1203 695 1335 745 negoti
1355 696 1477 745 gratia

145 772 361 809 properare.
426 769 599 798 ceterum
648 760 914 809 proditionem
963 759 1139 807 timebat,
1189 772 1306 809 quem
1354 760 1477 799 uitare

145 837 261 874 posse
281 824 480 862 celeritate
501 825 663 873 putabat
681 838 688 861 ε
719 837 808 861 nam
836 824 927 862 talia
953 824 1116 862 consilia
1137 838 1206 874 per
1226 825 1349 863 otium
1372 833 1410 864 et
1431 839 1478 864 ex

106 889 437 939 zopportunitate
476 889 577 938 capi.
635 896 674 927 at
715 890 912 935 Metellus,
954 889 1020 927 ubi
1059 889 1284 939 oppidanos
1329 891 1479 939 proelio

147 955 330 999 intentos,
352 954 465 992 simul
486 954 679 1005 oppidum
701 962 739 993 et
760 954 943 1003 operibus
964 963 1001 992 et
1023 956 1111 993 loco
1134 955 1330 993 munitum
1357 955 1476 1002 uidet,

105 1029 125 1063 3
147 1021 252 1058 uallo
279 1021 460 1069 fossaque
486 1020 645 1058 moenia
671 1019 939 1058 circumuenit.
1000 1019 1144 1058 deinde
1172 1020 1269 1059 locis
1295 1034 1342 1059 ex
1362 1021 1478 1070 copia

147 1098 328 1124 maxume
365 1085 520 1123 idoneis
558 1085 694 1123 uineas
732 1098 857 1134 agere,
897 1098 1078 1134 aggerem
1117 1085 1242 1124 iacere
1281 1094 1320 1124 et
1364 1100 1479 1136 super

147 1163 327 1200 aggerem
375 1150 554 1200 inpositis
602 1150 767 1188 turribus
816 1164 915 1199 opus
963 1158 1001 1188 et
1049 1150 1299 1189 administros
1350 1152 1477 1190 tutari.

106 1223 130 1256 4
149 1222 285 1253 contra
304 1216 403 1253 haec
423 1214 613 1264 oppidani
637 1214 830 1262 festinare,
860 1227 1018 1263 parare:
1048 1227 1204 1263 prorsus
1231 1216 1280 1253 ab
1308 1215 1481 1265 utrisque

108 1280 244 1326 5nihil
282 1279 441 1317 relicum
481 1279 571 1318 fieri.
632 1279 805 1328 denique
846 1278 1028 1325 Romani,
1065 1280 1189 1317 multo
1223 1288 1314 1318 ante
1349 1282 1481 1320 labore

148 1344 386 1394 proeliisque
405 1344 565 1394 fatigati,
589 1352 678 1394 post
699 1344 782 1382 dies
809 1343 1069 1393 quadraginta
1096 1357 1213 1393 quam
1242 1358 1291 1383 eo
1317 1354 1479 1384 uentum

149 1418 229 1448 erat
260 1409 410 1459 oppido
441 1411 562 1448 modo
592 1410 729 1459 potiti:
764 1410 911 1459 praeda
940 1409 1069 1447 omnis
1103 1410 1152 1448 ab
1189 1411 1359 1461 perfugis
1393 1426 1482 1451 con-

108 1478 270 1525 6rupta.
332 1474 367 1513 ei
406 1482 614 1524 postquam
657 1489 809 1513 murum
848 1474 1032 1514 arietibus
1072 1475 1172 1513 feriri
1210 1489 1349 1526 resque
1394 1491 1482 1517 suas

151 1540 326 1578 adflictas
353 1539 501 1587 uident,
531 1553 669 1578 aurum
695 1548 813 1589 atque
840 1548 1043 1590 argentum
1071 1548 1109 1579 et
1135 1541 1210 1579 alia
1237 1556 1337 1591 quae
1357 1544 1484 1593 prima

150 1607 347 1644 ducuntur
379 1606 542 1642 domum
578 1605 722 1654 regiam
757 1613 1002 1655 conportant.
1063 1606 1116 1643 ibi
1151 1607 1245 1645 uino
1280 1616 1318 1646 et
1357 1612 1481 1660 epulis

151 1671 299 1709 onerati
329 1671 475 1720 illaque
505 1678 542 1708 et
574 1672 738 1709 domum
773 1678 812 1709 et
847 1678 971 1709 semet
1005 1670 1083 1720 igni
1118 1682 1395 1723 conrumpunt,
1431 1684 1480 1720 et,

152 1749 248 1786 quas
275 1736 368 1774 uicti
395 1737 444 1774 ab
471 1736 650 1774 hostibus
678 1749 827 1785 poenas
854 1744 1086 1783 metuerant,
1115 1750 1180 1775 eas
1206 1738 1279 1787 ipsi
1305 1741 1483 1779 uolentes

151 1802 389 1851 pependere.

74 1864 131 1907 77
233 1867 310 1904 Sed
338 1866 480 1915 pariter
505 1879 594 1903 cum
619 1874 734 1915 capta
758 1867 884 1904 Thala
910 1866 1026 1916 legati
1050 1880 1098 1905 ex
1125 1868 1274 1917 oppido
1300 1869 1413 1919 Lepti
1433 1871 1483 1908 ad

155 1933 360 1969 Metellum
395 1938 583 1969 uenerant
614 1938 770 1969 orantes
804 1931 859 1969 uti
892 1931 1126 1981 praesidium
1163 1933 1483 1983 praefectumque

153 2008 201 2033 eo
244 1995 439 2033 mitteret:
493 1995 762 2033 Hamilcarem
812 1997 1011 2045 quendam
1060 1996 1261 2035 hominem
1309 1997 1483 2036 nobilem

152 2060 358 2097 factiosum
404 2059 518 2098 nouis
563 2061 678 2098 rebus
725 2061 891 2106 studere,
932 2062 1144 2099 aduorsum
1191 2074 1308 2110 quem
1355 2076 1484 2112 neque

153 2123 316 2172 imperia
355 2124 648 2172 magistratuum
689 2137 818 2172 neque
857 2125 960 2174 leges
994 2126 1179 2163 ualerent.
1239 2125 1278 2162 ni
1310 2125 1350 2163 id
1384 2127 1485 2166 festi-

154 2195 273 2233 naret,
315 2188 351 2224 in
393 2201 549 2225 summo
589 2187 764 2236 periculo
803 2201 910 2226 suam
952 2191 1128 2235 salutem,
1164 2185 1316 2228 illoru'm
1356 2180 1508 2230 socios*

116 2267 133 2290 2
156 2254 246 2290 fore.
308 2265 399 2288 nam
419 2252 626 2300 ‘Leptitani
655 2253 733 2290 iam
761 2252 852 2290 inde
877 2266 899 2290 a
926 2253 1119 2302 principio
1146 2255 1235 2292 belli
1266 2256 1484 2305 Iugurthini

156 2318 205 2354 ad
233 2316 402 2354 Bestiam
431 2318 632 2355 consulem
659 2324 697 2355 et
719 2325 855 2366 postea
879 2320 1048 2355 Romam
1071 2319 1255 2357 miserant
1275 2320 1484 2359 amicitiam
