1596 2495
99 98 147 145 58
463 97 502 134 C.
543 95 833 134 SALLUSH
875 96 1069 133 CA’JSPl

97 213 167 238 sua
186 202 463 247 excruciatum,
481 212 609 249 neque
630 207 710 237 tam
732 198 845 237 anxie
866 200 1032 236 laturum
1054 199 1182 246 fuisse,
1202 199 1231 237 si
1248 201 1434 249 adempta

17 268 77 312 88
97 265 300 315 prouincia
337 265 402 303 alii
440 279 558 314 quam
601 265 729 302 Mario
770 265 993 303 traderetur.
1058 264 1173 314 igitur
1211 278 1259 304 eo
1298 267 1434 304 dolore

97 331 295 380 inpeditus
323 338 361 369 et
387 331 479 379 quia
506 330 692 368 stultitiae
721 330 928 368 uidebatur
953 331 1123 368 alienam
1151 344 1232 369 rem
1260 331 1434 381 periculo

97 408 168 433 suo
194 408 339 442 curare,
363 397 511 445 legatos
539 396 589 433 ad
616 395 821 432 Bocchum
849 394 969 433 mittit
996 397 1250 444 postulatum,
1274 410 1323 435 ne
1350 395 1434 435 sine

96 475 215 499 causa
244 462 366 500 hostis
395 462 545 511 populo
580 463 761 498 Romano
792 461 923 498 fieret:
963 462 1108 500 habere
1137 469 1220 499 tum
1251 475 1432 512 magnam

96 528 252 576 copiam
287 526 486 565 societatis
520 525 795 575 amicitiaeque
826 526 1140 577 coniungendae,
1173 540 1275 577 quae
1307 527 1434 577 potior

97 595 201 631 bello
223 601 336 640 esset,
358 601 408 639 et,
430 605 668 643 quamquam
691 591 832 642 opibus
853 592 932 630 suis
952 594 1177 639 confideret,
1200 601 1331 631 tamen
1353 605 1433 631 non

97 660 241 696 debere
269 658 417 697 incerta
441 671 510 708 pro
535 657 650 696 certis
671 664 845 695 mutare:
876 670 996 695 omne
1019 659 1163 695 bellum
1185 657 1287 695 sumi
1308 657 1430 702 facile,

97 718 281 762 ceterum
308 735 535 773 aegerrume
574 721 776 768 desinere3
826 735 905 760 non
945 722 984 759 in
1022 721 1197 761 eiusdem
1237 729 1434 772 potestate

96 788 249 826 initium
284 788 367 826 eius
397 796 434 827 et
464 788 583 826 finem
614 799 724 825 esse:
757 785 930 835 incipere
960 785 1095 833 cuiuis,
1128 787 1245 825 etiam
1276 787 1430 836 ignauo,

96 853 224 900 licere,
248 853 407 903 deponi,
433 866 525 891 cum
555 852 724 890 uictores
755 850 900 899 uelint3
936 851 1100 901 proinde
1130 852 1432 902 sibi,regnoque

96 933 168 958 suo
188 921 420 966 consuleret,
445 932 521 956 neu
543 917 716 955 florentis
738 929 798 954 res
819 930 906 954 suas
928 930 1016 954 cum
1041 919 1250 967 Iugurthae
1271 917 1432 967 perditis

56 999 75 1023 2
97 984 284 1023 misceret.
345 985 396 1022 ad
423 997 470 1021 ea
496 996 561 1021 rex
588 981 680 1020 satis
707 981 861 1032 placide
888 984 1008 1021 uerba
1032 983 1146 1022 facit:
1182 996 1266 1021 sese
1291 996 1429 1032 pacem

95 1064 251 1100 cupere,
283 1051 353 1088 sed
389 1050 598 1099 Iugurthae
629 1049 871 1086 fortunarum
903 1047 1074 1087 misereri
1091 1062 1101 1095 ;
1141 1048 1172 1086 si
1203 1048 1341 1087 eadem
1377 1048 1431 1086 illi

57 1131 74 1166 3
96 1115 212 1164 copia
250 1116 368 1161 fieret,
405 1114 539 1153 onmia
576 1120 830 1151 conuentura.
889 1126 1018 1151 rursus
1053 1113 1263 1162 imperator
1295 1120 1432 1151 contra

96 1181 292 1229 postulata
326 1178 473 1216 Bocchi
506 1176 666 1215 nuntios
697 1176 838 1221 mittit;
878 1176 941 1214 ille
971 1179 1136 1226 probare
1171 1177 1324 1226 partim,
1355 1177 1431 1215 alia

95 1245 277 1282 abnuere.
335 1256 384 1282 eo
424 1243 544 1281 modo
579 1254 695 1290 saepe
729 1241 779 1278 ab
814 1249 979 1290 utroque
1015 1241 1140 1279 missis
1179 1241 1430 1292 remissisque

95 1310 239 1346 nuntiis
270 1316 427 1358 tempus
458 1308 684 1356 procedere,
717 1313 755 1345 et
786 1319 834 1344 ex
868 1306 1018 1345 Metelli
1050 1308 1252 1345 uoluntate
1283 1307 1427 1346 bellum

93 1375 282 1413 intactum
312 1373 422 1412 trahi.

17 1439 75 1483 84
174 1441 227 1477 At
249 1438 408 1486 Marius,
430 1446 473 1476 ut
493 1450 610 1486 supra
630 1437 808 1481 diximus,
827 1436 1136 1486 cupientissuma
1156 1439 1272 1486 plebe
1291 1440 1428 1476 consul

94 1506 228 1550 factus,
261 1512 471 1553 postquam
505 1503 539 1541 ei
569 1502 811 1552 prouinciam
843 1501 1274 1552 Numidiam-populus
1305 1503 1438 1555 iussit,-

93 1580 209 1609 antea
238 1570 315 1608 iam
344 1569 506 1607 infestus
537 1567 742 1614 nobilitati,
765 1575 847 1606 tum
877 1580 972 1605 uero
1002 1568 1146 1605 multus
1176 1574 1294 1616 atque
1322 1569 1428 1607 ferox

93 1635 249 1683 instare,
282 1635 454 1684 singulos
489 1635 622 1680 modo,
655 1633 776 1671 modo
811 1634 1016 1670 uniuorsos
1051 1633 1218 1678 laedere,
1251 1632 1427 1672 dictitare

93 1715 177 1740 sese
204 1702 454 1739 consulatum
483 1713 529 1738 ex
556 1698 668 1737 uictis
695 1698 768 1736 illis
792 1698 918 1747 spolia
944 1698 1104 1747 cepisse,
1127 1698 1204 1735 alia
1227 1705 1428 1746 praeterea

52 1779 70 1802 2
93 1767 299 1816 magnifica
328 1778 399 1814 pro
430 1778 470 1802 se
500 1771 538 1802 et
568 1764 641 1801 illis
672 1764 857 1809 dolentia,
882 1761 1033 1800 interim
1064 1774 1164 1810 quae
1195 1763 1298 1800 bello
1327 1776 1426 1812 opus

93 1840 201 1869 erant
235 1830 361 1881 prima
394 1830 562 1867 habere:
606 1829 803 1878 postulare
837 1827 1057 1877 legionibus
1092 1828 1423 1876 supplementum,

91 1895 233 1932 auxilia
264 1908 285 1931 a
316 1893 472 1944 populis
506 1900 543 1930 et
574 1893 730 1942 regibus
763 1890 956 1940 sociisque
988 1904 1198 1937 accersere,
1226 1898 1425 1941 praeterea

91 1974 138 1998 ex
169 1960 281 1998 Latio
309 1959 573 1998 fortissumum
604 1970 812 2006 quemque,
840 1957 1047 2006 plerosque
1077 1956 1248 2003 militiae,
1278 1969 1424 2006 paucos

90 2026 194 2062 fama
220 2023 397 2073 cognitos
421 2022 546 2061 accire
571 2030 609 2060 et
635 2021 853 2060 ambiundo
881 2034 1020 2070 cogere
1048 2022 1227 2059 homines
1255 2021 1423 2060 emeritis

49 2103 70 2138 3
91 2088 294 2138 stipendiis
324 2101 457 2126 secum
486 2086 690 2136 proficisci.
749 2098 878 2134 neque
904 2084 958 2123 illi
985 2093 1155 2131 senatus,
1181 2099 1421 2134 quamquam

90 2154 278 2191 aduorsus
308 2160 400 2198 erat,
430 2153 478 2190 (le
508 2153 588 2189 ullo
618 2151 777 2200 negotio
806 2151 979 2189 abnuere
1007 2151 1189 2188 audebat.
1248 2157 1420 2197 ceterum

89 2218 409 2266 supplementum
444 2215 559 2253 etiam
595 2216 718 2252 laetus
752 2215 990 2259 decreuerat,
1026 2213 1117 2263 quia
1150 2226 1278 2262 neque
1316 2214 1420 2263 plebi

90 2281 225 2319 militia
264 2281 411 2318 uolenti
450 2281 662 2330 putabatur
700 2288 737 2317 et
779 2279 926 2317 Marius
965 2285 1031 2315 aut
1070 2278 1161 2315 belli
1202 2291 1315 2316 usum
1354 2285 1420 2316 aut
