1596 2495
152 133 200 170 66
515 130 555 166 C.
597 126 891 166 SALLUSTJ
932 124 1129 162 CRISPJ

149 235 356 278 locauerat,
380 232 432 270 ire
461 231 567 269 iubet
595 229 768 278 dicitque
796 241 837 266 se
863 226 1191 277 praedabundum
1218 231 1308 275 post
1334 236 1482 274 paucos

107 309 129 345 3
150 299 234 337 dies
260 299 402 337 eodem
429 304 650 334 uenturum.
709 295 764 330 sic
792 293 949 342 incepto
976 304 1047 330 suo
1068 292 1268 330 occultato
1289 288 1412 340 pergit
1431 289 1481 326 ad

71 362 128 406 91
151 365 296 401 flumen
323 361 489 400 Tanain.
548 367 720 398 ceterum
747 357 788 396 in
815 357 952 396 itinere
979 356 1124 395 cotidie
1150 368 1271 406 pecus
1295 352 1481 393 exercitui

151 442 220 479 per
240 429 445 475 centurias,
469 426 562 465 item
584 433 729 463 turmas
749 422 964 472 aequaliter
983 421 1232 461 distribuerat
1252 428 1291 460 et
1306 433 1354 460 ex
1369 418 1484 458 coriis

151 502 255 532 utres
282 493 337 532 uti
363 494 502 532 fierent
531 490 702 536 curabat,
732 489 846 527 simul
876 487 1051 538 inopiam
1081 487 1264 525 frumenti
1294 485 1416 524 lenire
1446 492 1484 524 et

152 559 292 609 ignaris
330 556 513 596 omnibus
551 567 698 605 parare,
735 566 838 603 quae
871 566 962 591 mox
996 551 1082 590 usui
1116 553 1253 590 forent.
1313 549 1483 599 denique

153 632 263 662 sexto
291 623 367 670 die,
388 635 479 660 cum
506 622 557 660 ad
584 621 729 658 flumen
751 626 913 657 uentum
942 625 1012 665 est,
1040 629 1223 655 maxuma
1251 615 1311 654 uis
1341 614 1484 654 utrium

113 700 131 724 2
153 691 301 728 effecta.
359 687 413 727 ibi
447 686 583 725 castris
617 685 694 725 leui
728 684 975 723 munimento
1008 683 1145 734 positis
1179 682 1322 720 milites
1353 680 1485 719 cibum

154 767 294 804 capere
307 761 439 803 atque,
453 753 508 790 uti
525 752 641 790 simul
657 764 746 789 eum
764 763 906 788 occasu
923 749 1015 787 solis
1028 749 1313 798 egrederentur,
1328 753 1484 797 paratos

156 833 239 858 esse
266 819 399 857 iubet:
435 817 620 856 omnibus
648 814 807 854 sarcinis
838 814 1000 852 abiectis
1026 826 1130 862 aqua
1156 814 1277 851 modo
1304 824 1426 861 seque
1449 818 1487 849 et

112 897 133 933 3
155 884 330 922 iumenta
368 895 539 921 onerare.
599 880 703 927 dein,
739 887 947 929 postquam
986 886 1142 927 tempus
1176 876 1318 923 uisum,
1353 874 1488 914 castris

157 948 352 1000 egreditur
388 955 627 996 noctemque
662 953 785 984 totam
820 944 957 982 itinere
991 944 1094 980 sacto
1128 942 1319 980 consedit.
1383 939 1487 978 idem

155 1025 345 1063 proxuma
371 1010 474 1057 facit,
497 1011 588 1049 dein
619 1009 730 1048 tertia
759 1010 884 1046 multo
914 1015 1004 1046 ante
1034 1006 1130 1045 lucis
1159 1007 1374 1044 aduentum
1402 1017 1488 1054 per-

156 1077 264 1116 uenit
300 1076 339 1114 in
374 1077 506 1114 locum
536 1075 777 1112 tumulosum
809 1075 860 1111 ab
892 1073 1024 1122 Capsa
1056 1085 1134 1109 non
1167 1070 1335 1120 amplius
1366 1070 1489 1108 duum

157 1142 306 1180 milium
346 1140 562 1185 interuallo,
598 1138 731 1188 ibique
765 1151 883 1187 quam
918 1136 1195 1175 occultissume
1232 1142 1362 1185 potest
1397 1148 1488 1172 cum

114 1222 139 1256 4
158 1206 343 1246 omnibus
373 1205 498 1254 copiis
527 1204 708 1255 operitur.
768 1204 836 1241 sed
864 1201 931 1241 ubi
959 1202 1042 1240 dies
1069 1201 1200 1250 coepit
1227 1208 1265 1239 et
1293 1199 1491 1238 Numidae

159 1269 254 1307 nihil
274 1267 415 1306 hostile
435 1274 656 1306 metuentes
677 1264 789 1302 multi
810 1264 958 1314 oppido
979 1263 1132 1312 egressi,
1147 1270 1308 1311 repente
1330 1274 1490 1299 omnem

160 1334 377 1383 equitatum
401 1340 439 1370 et
459 1346 548 1371 cum
571 1331 625 1369 eis
645 1330 930 1369 uelocissumos
950 1329 1104 1379 pedites
1125 1342 1240 1366 cursu
1261 1328 1421 1366 tendere
1441 1327 1491 1365 ad

159 1400 331 1448 Capsam
370 1405 409 1436 et
446 1405 579 1447 portas
618 1396 798 1435 obsidere
837 1396 956 1433 iubet.
1015 1394 1160 1432 deinde
1197 1392 1280 1443 ipse
1319 1392 1492 1431 intentus

120 1472 325 1512 5propere
361 1462 469 1510 sequi
505 1474 634 1510 neque
669 1460 811 1498 milites
845 1458 1023 1509 praedari
1059 1458 1198 1496 sinere.
1226 1470 1357 1507 ,quae
1391 1464 1493 1506 post-

162 1539 280 1576 quam
325 1525 515 1575 oppidani
560 1536 792 1573 cognouere,
835 1536 895 1561 res
940 1522 1127 1572 trepidae,
1170 1529 1295 1560 metus
1341 1520 1491 1570 ingens,

162 1592 308 1629 malum
340 1589 598 1639 inprouisum,
630 1590 681 1627 ad
712 1589 788 1627 hoc
822 1601 910 1637 pars
944 1587 1089 1625 ciuium
1125 1594 1231 1624 extra
1263 1587 1420 1624 moenia
1452 1585 1492 1623 in

120 1656 143 1692 6
163 1655 334 1694 hostium
357 1661 551 1703 potestate
572 1666 734 1702 coegere
755 1653 810 1690 uti
828 1652 1071 1691 deditionem
1089 1653 1270 1688 facerent.
1320 1658 1492 1688 ceterum

163 1719 353 1769 oppidum
380 1718 593 1762 incensum,
621 1716 820 1754 Numidae
845 1717 1011 1765 puberes
1036 1714 1240 1761 interfecti,
1266 1714 1330 1752 alii
1354 1727 1493 1752 omnes

123 1796 142 1833 7
163 1784 405 1829 uenumdafi,
434 1784 579 1832 praeda
609 1781 796 1820 militibus
826 1781 961 1820 diuisa.
1021 1781 1060 1819 id
1088 1780 1238 1818 facinus
1271 1787 1406 1818 contra
1435 1779 1494 1817 ius

163 1849 256 1888 belli
277 1862 356 1887 non
377 1847 539 1886 auaritia
558 1860 686 1896 neque
707 1849 851 1885 scelere
871 1846 1043 1885 consulis
1064 1844 1292 1891 admissum,
1314 1845 1384 1883 sed
1405 1844 1495 1894 quia

164 1915 274 1952 locus
314 1914 526 1962 Iugurthae
565 1920 820 1962 opportunus,
861 1911 975 1950 nobis
1013 1911 1121 1948 aditu
1160 1909 1338 1955 difficilis,
1372 1922 1493 1959 genus

166 1978 368 2016 hominum
397 1977 553 2025 mobile,
577 1977 754 2023 infidum,
777 1985 866 2015 ante
888 1989 1016 2026 neque
1036 1975 1217 2014 benificio
1238 1988 1366 2024 neque
1388 1982 1493 2013 metu

165 2045 389 2082 coercitum.

88 2115 146 2158 92
247 2111 461 2157 Postquam
492 2115 639 2145 tantam
667 2121 748 2145 rem
779 2106 926 2144 Marius
953 2106 1036 2143 sine
1063 2106 1141 2142 ullo
1168 2117 1327 2142 suorum
1351 2104 1496 2142 incom-

167 2173 288 2211 modo
315 2172 474 2221 peregit,
504 2185 667 2222 magnus
695 2180 732 2209 et
759 2172 882 2209 clarus
909 2179 1035 2216 antea,
1065 2169 1187 2206 maior
1213 2170 1330 2217 atqu'e
1358 2168 1497 2206 clarior
1537 2161 1540 2164 Δ

127 2252 145 2276 2
167 2237 300 2275 haberi
348 2237 489 2286 coepit.
561 2236 694 2274 omnia
732 2249 812 2274 non
859 2236 960 2273 bene
1006 2235 1184 2271 consulta
1228 2232 1268 2270 in
1313 2232 1495 2270 uirtutem

167 2303 431 2347 trahebantur,
479 2301 631 2347 milites,
682 2301 862 2338 modesto
909 2298 1074 2348 imperio
1121 2297 1243 2336 habiti
1291 2297 1404 2335 simul
1459 2303 1496 2334 et
