1596 2495
422 59 510 96 DE
547 57 742 94 BELLO
784 56 1174 96 lUGURTHlNO
1436 69 1455 105 7

134 164 302 203 alienum
331 164 448 200 fidum
476 160 664 206 inuenies,
692 160 723 198 si
751 159 824 198 tuis
850 160 973 197 hostis
999 159 1143 197 fueris?
1176 160 1358 209 equidem
1386 173 1458 210 ego
1480 163 1501 198 6

134 227 246 265 uobis
277 239 436 276 regnum
467 226 578 264 trado
610 226 776 272 firmum,
805 224 836 262 si
866 225 960 262 boni
992 223 1106 272 eritis,
1138 224 1197 261 sin
1227 224 1329 270 mali,
1355 225 1458 263 inbe-

135 291 278 329 cillum.
323 303 413 328 nam
435 289 646 328 concordia
667 302 811 339 paruae
830 302 889 327 res
909 296 1100 335 crescunt,
1118 288 1313 326 discordia
1332 302 1460 326 maxu-

134 368 218 393 mae
239 355 474 393 dilabuntur.
532 362 703 393 ceterum
730 361 821 392 ante
848 355 919 392 hos
945 361 996 400 te,
1020 354 1217 403 Iugurtha,
1241 354 1306 402 qui
1333 362 1459 393 aetate
1481 365 1499 401 7

132 428 170 459 et
190 420 380 470 sapientia
399 421 502 470 prior
521 433 573 466 es,
596 433 645 458 ne
664 420 774 457 aliter
797 419 892 468 quid
917 418 1073 457 eueniat
1097 420 1304 468 prouidere
1331 420 1456 458 decet.

133 498 223 523 nam
249 485 288 523 in
315 484 426 523 omni
448 483 660 522 certamine
687 483 755 532 qui
781 483 1005 533 opulentior
1028 491 1098 530 est,
1121 482 1237 522 etiam
1266 484 1296 521 si
1317 484 1458 534 accipit

132 549 321 596 iniuriam,
368 557 511 595 tamen,
558 548 648 596 quia
690 549 774 597 plus
816 555 956 598 potest,
996 549 1122 587 facere
1165 547 1329 586 uidetur.
1388 562 1459 588 uos
1479 555 1500 590 8

132 623 276 661 autern,
298 615 496 653 Adherbal
523 621 563 652 et
590 613 810 662 Hiempsal,
835 613 963 659 colite,
985 614 1191 651 obseruate
1214 614 1331 651 talem
1356 615 1460 651 hunc

132 681 270 728 uirum,
305 679 507 718 imitamini
545 678 727 717 uirtutem
766 685 806 717 et
843 678 1046 725 enitimini,
1082 691 1132 717 ne
1170 691 1243 728 ego
1282 678 1459 717 meliores

132 746 272 784 liberos
301 745 514 794 sumpsisse
543 743 677 782 uidear
706 757 823 793 quam
853 745 1056 793 genuisse.'

212 812 276 849 Ad
296 824 343 849 ea
364 810 559 860 Iugurtha,
582 809 736 847 tametsi
758 822 887 859 regem
905 810 994 847 ficta
1013 809 1188 847 locutum
1207 809 1459 859 intellegebat
1479 808 1534 851 11

132 884 170 915 et
203 876 285 925 ipse
319 877 434 924 longe
466 873 577 912 aliter
613 872 748 912 animo
785 873 968 922 agitabat,
999 880 1132 912 tamen
1171 887 1243 923 pro
1281 882 1459 923 ternpore

134 939 300 988 benigne
337 938 548 988 respondit.
609 936 778 987 Micipsa
814 936 950 986 paucis
988 945 1076 986 post
1110 938 1252 976 diebus
1287 939 1455 976 moritur.
1480 954 1498 977 2

132 1011 340 1054 postquam
365 1003 419 1041 illi
445 1016 553 1041 more
579 1002 686 1052 regio
710 1001 811 1040 iusta
837 1001 1042 1051 magnifice
1064 1003 1248 1050 fecerant,
1273 1003 1392 1053 reguli
1420 1003 1458 1041 in

133 1082 254 1106 unum
283 1074 564 1115 conuenerunt,
594 1074 636 1105 ut
660 1067 758 1105 inter
787 1079 828 1104 se
855 1067 905 1105 de
935 1066 1086 1104 cunctis
1113 1067 1280 1116 negotiis
1311 1067 1459 1118 discep-

133 1142 267 1173 tarent.
312 1135 382 1172 sed
405 1133 626 1182 Hiempsal,
640 1132 707 1182 qui
723 1133 920 1170 minumus
941 1145 987 1170 ex
1003 1131 1075 1170 illis
1091 1140 1183 1178 erat,
1198 1140 1336 1170 natura
1350 1134 1458 1172 ferox
1478 1147 1499 1182 3

132 1208 170 1238 et
193 1199 268 1237 iam
293 1207 408 1237 antea
436 1198 721 1248 ignobilitatem
750 1198 971 1247 Iugurthae,
996 1197 1088 1246 quia
1111 1204 1289 1236 materno
1315 1211 1458 1247 genere

134 1264 244 1313 inpar
259 1271 350 1309 erat,
369 1262 601 1312 despiciens,
619 1262 752 1300 dextra
768 1262 1032 1300 Adherbalem
1053 1261 1217 1309 adsedit,
1235 1275 1284 1300 ne
1306 1262 1457 1300 medius

133 1343 181 1367 ex
218 1328 352 1376 tribus,
387 1329 494 1378 quod
527 1328 631 1378 apud
665 1327 858 1365 Numidas
893 1327 1032 1365 honori
1071 1326 1234 1373 ducitur,
1272 1328 1458 1377 Iugurtha

133 1394 243 1431 foret.
300 1392 391 1431 dein
420 1400 552 1431 tamen
580 1400 622 1430 ut
651 1391 769 1430 aetati
798 1393 1034 1430 concederet
1067 1392 1248 1441 fatigatus
1276 1405 1300 1430 a
1332 1395 1455 1438 fratre,
1477 1405 1499 1437 4

134 1456 199 1495 uix
224 1456 261 1494 in
290 1465 439 1506 partem
465 1458 626 1495 alteram
657 1457 904 1494 transductus
929 1464 997 1495 est.
1057 1456 1111 1494 ibi
1140 1470 1227 1494 cum
1258 1458 1381 1495 multa
1408 1458 1458 1496 de
1479 1473 1496 1508 5

133 1522 442 1560 administrando
470 1520 633 1571 imperio
663 1520 907 1567 dissererent,
935 1521 1123 1571 Iugurtha
1147 1520 1247 1560 inter
1275 1521 1369 1560 alias
1398 1535 1458 1561 res

134 1587 234 1633 iacit,
268 1595 447 1637 oportere
481 1585 724 1636 quinquenni
761 1586 940 1624 consulta
973 1593 1011 1624 et
1044 1586 1200 1625 decreta
1237 1586 1367 1625 omnia
1404 1600 1458 1625 re-

134 1650 281 1690 scindi:
323 1663 414 1689 nam
452 1664 521 1700 per
553 1664 600 1689 ea
635 1658 813 1700 tempora
844 1652 1069 1688 consectum
1101 1651 1212 1689 annis
1247 1651 1456 1700 Micipsam

134 1728 278 1764 parurn·
297 1716 431 1753 animo
465 1714 643 1753 ualuisse.
701 1723 785 1753 tum
820 1714 926 1754 idem
957 1715 1165 1764 Hiempsal
1197 1716 1352 1766 placere
1384 1715 1456 1754 sibi
1476 1719 1498 1753 6

134 1779 357 1828 respondit:
390 1792 481 1817 nam
507 1779 637 1828 ipsum
664 1779 771 1817 illum
799 1778 921 1817 tribus
948 1779 1145 1828 proxumis
1164 1781 1277 1818 annis
1296 1781 1456 1829 adopta-

70 1843 80 1855 '
135 1842 240 1880 tione
260 1842 300 1879 in
320 1855 480 1892 regnum
501 1841 734 1891 peruenisse.
792 1843 900 1891 quod
920 1843 1083 1882 uerbum
1105 1843 1145 1880 in
1166 1850 1303 1892 pectus
1324 1845 1456 1893 Iugur·
1475 1852 1493 1887 7

136 1906 225 1943 thae
243 1905 358 1943 altius
385 1916 502 1954 quam
529 1904 734 1954 quisquam
755 1913 859 1944 ratus
882 1913 962 1944 erat
988 1906 1202 1944 descendit.
1259 1906 1390 1956 itaque
1409 1921 1456 1945 ex
1475 1909 1496 1943 8

135 1982 182 2007 eo
216 1976 392 2019 tempore
424 1969 479 2007 ira
512 1977 551 2007 et
589 1977 695 2008 metu
732 1970 868 2007 anxius
907 1969 1043 2017 moliri,
1078 1983 1224 2019 parare,
1259 1978 1378 2019 atque
1410 1983 1456 2008 ea

137 2034 256 2072 modo
294 2046 382 2071 cum
421 2033 553 2075 animo
590 2034 745 2080 habere,
785 2034 926 2083 quibus
972 2033 1178 2083 Hiempsal
1215 2047 1284 2083 per
1320 2035 1453 2072 dolum

136 2105 348 2146 caperetur.
407 2111 508 2147 quae
537 2098 603 2135 ubi
632 2097 776 2135 tardius
805 2098 1023 2146 procedunt
1052 2111 1181 2147 neque
1209 2097 1350 2136 lenitur
1376 2098 1455 2136 ani·
1473 2110 1495 2145 9

136 2173 222 2198 mus
252 2161 369 2207 ferox,
400 2161 531 2198 statuit
562 2161 701 2210 quouis
719 2161 849 2198 modo
878 2162 1074 2209 inceptum
1105 2163 1296 2210 perficere.

222 2223 351 2261 Primo
366 2233 574 2272 conuentu,
590 2238 706 2274 quem
720 2224 770 2262 ab
786 2223 925 2274 regulis
942 2227 1082 2262 sactum
1098 2237 1214 2274 supra
1227 2226 1451 2272 memoraui,
1474 2226 1533 2270 12
