1596 2495
157 107 203 141 3²
517 96 556 132 C.
598 95 743 132 SALL
756 95 891 132 (JSTJ
927 96 1121 132 C'lrlSl’l

92 209 247 235 10nam
287 195 353 235 ubi
392 197 558 246 primum
604 209 650 234 ex
695 197 898 235 nobilitate
937 197 1075 246 reperti
1119 204 1206 234 sunt
1244 196 1310 244 qui
1350 209 1478 234 uerarn

157 260 318 309 gloriam
351 260 515 298 iniustae
546 261 743 309 potentiae
773 269 1067 312 anteponerent,
1100 261 1248 299 moueri
1278 260 1412 298 ciuitas
1442 268 1480 298 et

78 320 138 364 42
158 325 348 363 dissensio
382 325 506 362 ciuilis
537 325 649 373 quasi
680 325 884 374 permixtio
916 333 1038 364 terrae
1069 325 1156 363 oriri
1190 326 1330 375 coepit.
1389 338 1479 362 nam

158 396 367 438 postquam
407 390 466 427 Ti.
508 397 547 427 et
585 392 629 428 C.
671 390 881 435 Gracchus,
923 390 1087 438 quorum
1127 389 1292 427 maiores
1331 389 1479 427 Punico

157 461 275 502 atque
301 453 384 491 aliis
409 454 520 492 bellis
543 455 709 492 multum
733 454 786 491 rei
811 455 991 503 publicae
1016 453 1259 499 addiderant,
1281 453 1479 492 uindicare

157 518 314 566 plebem
330 517 368 555 in
387 518 605 556 libertatem
623 526 661 556 et
676 531 890 567 paucorum
907 519 1052 556 scelera
1067 519 1284 567 patefacere
1300 532 1477 568 coepere,

158 581 341 620 nobilitas
361 583 488 627 noxia,
503 589 621 631 atque
642 595 689 620 eo
706 583 895 631 perculsa,
909 583 1030 621 modo
1046 595 1114 631 per
1129 582 1257 621 socios
1273 596 1318 620 ac
1334 596 1479 621 nomen

160 646 356 692 Latinum,
382 646 577 684 interdum
601 660 670 696 per
699 647 849 696 equites
876 649 1088 693 Romanos,
1118 660 1216 695 quos
1243 660 1331 696 spes
1361 645 1480 685 sOcie-

159 711 247 748 tatis
284 723 307 748 a
344 711 461 759 plebe
498 710 727 757 dimouerat‚
765 712 1031 749 Gracchorum
1065 711 1283 749 actionibus
1323 711 1479 749 obuiam

158 774 265 820 ierat,
286 782 324 812 et
344 774 470 823 primo
490 773 704 822 Tiberium,
728 774 819 813 dein
849 788 995 824 paucos
1017 782 1104 824 post
1124 788 1248 813 annos
1269 775 1407 813 eadem
1427 775 1480 812 in-

157 838 398 888 gredientem
427 837 580 883 Gaium,
610 837 805 876 tribunum
837 839 1012 886 alterum,
1042 840 1206 876 alterum
1237 838 1477 876 triumuirum

158 902 323 940 coloniis
345 902 602 949 deducundis,
625 915 713 940 curn
736 904 792 940 M.
817 902 956 940 Fuluio
979 904 1120 940 Flacco
1141 903 1240 941 ferro
1260 910 1475 940 necauerat.

118 982 138 1006 2
159 974 197 1005 et
227 979 321 1004 sane
352 966 539 1005 Gracchis
569 966 753 1016 cupidine
785 966 969 1005 uictoriae
999 967 1104 1004 haud
1135 967 1226 1005 satis
1257 967 1480 1005 moderatus

117 1048 138 1083 3
158 1031 311 1069 animus
339 1031 419 1070 fuit.
479 1032 548 1070 sed
577 1032 684 1070 bono
714 1031 818 1069 uinci
848 1031 966 1069 satius
995 1039 1053 1069 est
1087 1044 1203 1080 quam
1237 1032 1340 1069 malo
1374 1045 1481 1069 more

116 1107 139 1139 4
159 1096 336 1134 iniuriam
368 1096 533 1135 uincere.
593 1096 705 1146 igitur
737 1110 782 1135 ea
813 1096 975 1134 uictoria
1005 1096 1189 1134 nobilitas
1224 1109 1271 1134 ex
1306 1096 1481 1134 lubidine

158 1172 227 1197 sua
252 1173 323 1197 usa
349 1161 493 1197 multos
521 1160 692 1197 mortalis
719 1161 818 1197 ferro
845 1167 910 1197 aut
936 1160 1025 1208 fuga
1054 1158 1226 1204 extinxit,
1251 1160 1415 1208 plusque
1442 1159 1480 1196 in

159 1223 318 1260 relicum
363 1222 437 1261 sibi
478 1222 627 1261 timoris
666 1236 781 1272 quam
821 1222 1020 1272 potentiae
1058 1222 1220 1260 addidit.
1284 1235 1384 1270 quae
1421 1235 1481 1260 res

158 1289 386 1336 plerumque
408 1300 568 1336 magnas
593 1287 761 1326 ciuitatis
783 1301 938 1336 pessum
960 1287 1079 1332 dedit,
1099 1287 1193 1324 dum
1213 1285 1320 1323 alteri
1341 1287 1480 1323 alteros

117 1362 136 1400 5
161 1352 316 1390 uincere
336 1352 476 1400 quouis
498 1352 618 1390 modo
643 1360 681 1390 et
706 1352 829 1389 uictos
854 1351 1028 1389 acerbi-us
1053 1350 1185 1387 ulcisci
1207 1352 1351 1388 uolunt.
1411 1351 1481 1387 sed

159 1417 208 1454 de
233 1415 370 1454 studiis
398 1416 566 1464 partium
591 1424 629 1454 et
656 1416 782 1454 omnis
809 1415 976 1453 ciuitatis
1004 1415 1175 1452 moribus
1203 1414 1233 1452 si
1260 1414 1480 1464 singillatim

157 1488 222 1518 aut
260 1493 332 1529 pro
371 1480 639 1529 magnitudine
678 1493 810 1529 parem
846 1479 1044 1525 disserere,
1079 1487 1233 1527 tempus
1271 1491 1387 1527 quam
1422 1492 1480 1516 res

159 1545 346 1583 maturius
374 1558 437 1582 me
467 1546 631 1583 deserat.
690 1557 808 1592 quam
838 1544 888 1581 ob
918 1556 997 1581 rem
1027 1543 1078 1580 ad
1106 1543 1306 1591 inceptum
1336 1543 1465 1581 redeo.

81 1610 141 1652 43
241 1611 334 1646 Post
372 1608 463 1646 Auli
500 1609 640 1646 foedus
677 1607 946 1655 exercitusque
988 1606 1108 1644 nostri
1152 1606 1308 1644 foedam
1352 1607 1480 1655 fugam

162 1674 346 1711 Metellus
379 1680 418 1710 et
451 1673 604 1710 Silanus
632 1672 812 1709 consules
841 1670 1031 1720 designati
1060 1670 1280 1719 prouincias
1309 1670 1408 1708 inter
1440 1684 1482 1708 se

159 1738 407 1787 partiuerant,
450 1738 692 1786 Metelloque
738 1735 924 1773 Numidia
967 1743 1161 1781 euenerat,
1201 1735 1279 1772 acri
1316 1734 1400 1773 uiro
1444 1743 1482 1773 et

160 1814 399 1849 quamquam
428 1801 599 1842 aduorso
626 1800 761 1850 populi
790 1799 968 1849 partium,
998 1800 1102 1836 fama
1131 1807 1261 1837 tamen
1289 1798 1481 1847 aequabili

121 1879 139 1902 2
161 1874 198 1903 et
219 1865 415 1902 inuiolata.
473 1866 504 1902 is
523 1864 592 1903 ubi
611 1864 780 1913 primum
800 1863 1065 1913 magistratum
1092 1862 1285 1911 ingressus
1311 1871 1380 1909 est,
1407 1862 1482 1899 alia

162 1928 294 1967 omnia
313 1928 386 1967 sibi
407 1942 496 1966 cum
518 1930 681 1978 conlega
702 1935 817 1975 ratus,
840 1929 890 1965 ad
911 1928 1057 1965 bellum
1078 1928 1185 1976 quod
1206 1934 1382 1975 gesturus
1403 1933 1484 1963 erat

120 2007 140 2042 3
160 1994 334 2031 animum
364 1994 542 2031 intendit.
600 1993 723 2042 igitur,
758 1993 938 2031 diffidens
968 1991 1087 2030 ueteri
1117 1990 1311 2036 exercitui,
1343 1989 1484 2027 milites

161 2057 338 2104 scribere,
368 2057 560 2106 praesidia
589 2057 764 2106 undique
792 2069 1001 2102 accersere,
1029 2068 1145 2101 arma,
1176 2056 1265 2100 tela,
1296 2068 1416 2103 equos
1446 2061 1483 2092 et

161 2129 289 2159 cetera
327 2121 584 2159 instrumenta
622 2119 783 2158 militiae
827 2133 972 2169 parare,
1019 2120 1068 2156 ad
1114 2120 1190 2156 hoc
1233 2124 1483 2156 conmeatum

161 2185 317 2230 affatim,
355 2184 523 2233 denique
559 2184 702 2229 omnia,
738 2197 838 2232 quae
871 2183 909 2220 in
941 2184 1044 2221 bello
1075 2183 1181 2220 uario
1212 2189 1249 2219 et
1278 2175 1483 2218 m‘ultarum

120 2261 284 2294 4rerum
326 2249 463 2297 egenti
492 2248 578 2286 usui
613 2261 697 2286 esse
731 2249 867 2286 solent.
926 2255 1099 2284 ceterum
1134 2247 1184 2283 ad
1219 2259 1262 2283 ea
1296 2245 1486 2294 patranda
