1596 2495
113 93 160 127 62
478 93 517 129 C.
559 93 854 130 SALLUSTJ
892 92 1092 130 CRISPJ

42 207 92 242 34
113 195 286 232 tolerare.
347 192 406 231 his
441 206 514 242 ego
546 195 765 243 praeceptis
795 194 937 232 milites
966 195 1162 241 hortabor,
1195 208 1324 244 neque
1358 194 1443 232 illos

111 268 192 298 arte
223 261 362 303 colam,
394 272 457 297 me
491 260 708 308 opulenter,
742 272 871 308 neque
901 259 1062 310 gloriam
1095 273 1237 307 meam,
1269 261 1443 299 laborem

42 339 88 377 35
113 324 264 362 illorum
285 323 436 362 faciam.
487 324 563 362 hoc
584 332 641 363 est
662 323 765 369 utile,
782 324 857 362 hoc
873 323 988 362 ciuile
1006 324 1223 374 imperium.
1275 339 1444 376 namque

111 403 199 427 cum
227 398 308 427 tute
332 402 401 439 per
423 388 629 427 mollitiam
653 402 756 438 agas,
778 388 990 427 exercitum
1016 390 1209 439 supplicio
1230 404 1381 440 cogere,
1404 391 1443 429 id

43 464 92 509 36
111 462 170 493 est
208 455 425 500 dominum,
468 467 547 492 non
586 453 861 504 imperatorem
901 468 996 494 esse.
1061 456 1158 494 haec
1196 465 1315 505 atque
1353 456 1445 494 talia

112 520 279 559 maiores
294 520 415 559 uostri
432 520 618 559 faciundo
639 534 760 570 seque
781 534 943 570 remque
964 521 1163 570 publicam
1185 523 1441 561 celebrauere.

44 600 90 635 37
112 584 198 633 quis
238 584 421 623 nobilitas
460 585 566 631 freta,
603 584 687 634 ipsa
724 584 922 623 dissimilis
960 581 1147 633 moribus,
1182 599 1253 624 nos
1292 586 1445 624 illorum

112 651 290 688 aemulos
322 649 550 696 contemnit,
583 658 621 688 et
650 649 780 688 omnis
810 651 980 688 honores
1009 664 1089 689 non
1119 664 1165 689 ex
1195 651 1345 699 merito,
1377 653 1445 690 sed

43 723 93 769 38
113 713 225 764 quasi
263 714 418 753 debitos
457 728 480 753 a
519 714 632 753 uobis
670 713 818 764 repetit.
884 723 1057 753 ceterum
1097 715 1277 754 homines
1315 729 1444 765 super-

115 779 275 817 bissumi
302 780 439 828 procul
467 787 606 817 errant.
666 779 834 817 maiores
861 793 997 818 eorum
1024 780 1158 818 onmia
1184 793 1285 829 quae
1306 780 1446 819 licebat

114 844 188 882 illis
214 843 416 894 reliquere,
439 844 608 891 diuitias,
629 844 830 895 imagines,
853 844 1084 884 memoriam
1106 845 1164 883 sui
1185 847 1446 895 praeclaram:

115 909 299 949 uirtutem
338 923 419 948 non
457 910 659 959 reliquere,
695 922 824 959 neque
862 917 1066 959 poterant:
1115 923 1161 948 ea
1199 911 1282 948 sola
1319 924 1448 960 neque

46 989 94 1024 39
115 975 228 1013 datur
273 975 380 1012 dono
425 987 553 1023 neque
595 973 795 1023 accipitur.
873 973 1076 1012 sordidum
1115 988 1178 1013 me
1217 983 1254 1013 et
1293 974 1449 1013 incultis

116 1039 289 1078 moribus
318 1039 437 1086 aiunt,
469 1039 560 1089 quia
589 1053 726 1088 parum
757 1039 853 1077 scite
883 1038 1110 1077 conuiuium
1142 1053 1289 1078 exorno
1321 1054 1449 1090 neque

115 1104 342 1144 histrionem
372 1106 494 1142 ullum
524 1118 652 1154 neque
683 1104 803 1154 pluris
834 1103 933 1153 preti
963 1116 1104 1141 cocum
1136 1117 1254 1153 quam
1290 1105 1448 1143 uilicum

46 1184 96 1216 40
116 1171 253 1209 habeo.
332 1183 434 1219 quae
479 1169 574 1207 mihi
618 1171 727 1208 lubet
770 1168 961 1215 confiteri,
1007 1168 1189 1218 Quirites.
1266 1183 1358 1208 nam
1403 1184 1451 1209 ex

117 1242 278 1284 parente
306 1247 396 1273 meo
422 1241 462 1272 et
489 1248 536 1272 ex
561 1233 646 1272 aliis
675 1233 818 1272 sanctis
847 1233 936 1271 uiris
963 1233 1017 1271 ita
1042 1234 1202 1283 accepi:
1237 1234 1451 1273 munditias

117 1300 354 1347 mulieribus,
401 1301 575 1338 laborem
623 1299 715 1338 uiris
760 1299 982 1345 conuenire,
1030 1299 1292 1349 omnibusque
1339 1299 1452 1338 bonis

118 1374 299 1415 oportere
337 1367 423 1416 plus
461 1365 606 1415 gloriae
644 1378 763 1414 quarn
802 1364 1026 1403 diuitiarum
1066 1378 1176 1412 esse;
1219 1379 1335 1412 arma,
1372 1379 1452 1403 non

49 1443 95 1477 41
119 1430 403 1479 supellectilem
441 1429 576 1468 decori
615 1443 710 1468 esse.
775 1430 869 1480 quin
910 1443 1001 1480 ergo
1041 1430 1148 1479 quod
1186 1429 1304 1477 iuuat,
1345 1431 1452 1480 quod

119 1507 251 1532 carum
286 1502 519 1541 aestumant‚
553 1494 593 1532 id
628 1508 782 1543 semper
815 1493 987 1532 faciant:
1026 1502 1171 1540 ament,
1202 1502 1351 1544 potent,
1388 1494 1454 1533 ubi

119 1558 426 1596 adulescentiam
458 1559 629 1597 habuere
658 1558 711 1597 ibi
741 1566 982 1597 senectutem
1011 1559 1223 1608 agant—in
1248 1559 1453 1606 conuiuiis,

119 1623 242 1663 dediti
271 1623 398 1661 uentri
428 1631 466 1661 et
495 1622 752 1672 turpissumae
782 1622 880 1672 parti
909 1623 1081 1672 corporis
1096 1639 1105 1671 3
1141 1624 1339 1670 sudorem,
1368 1625 1453 1674 pul-

120 1701 253 1727 uerem
299 1695 338 1726 et
374 1688 449 1726 alia
486 1687 578 1725 talia
615 1687 838 1736 relinquant
875 1687 1001 1733 nobis,
1042 1687 1184 1736 quibus
1222 1688 1288 1726 illa
1331 1688 1456 1738 epulis

51 1764 99 1797 42
120 1752 353 1791 iucundiora
381 1760 481 1790 sunt.
542 1765 679 1790 uerum
707 1765 787 1790 non
815 1751 868 1789 ita
894 1760 962 1790 est.
1024 1765 1114 1789 nam
1143 1753 1207 1790 ubi
1236 1766 1276 1791 se
1304 1752 1456 1802 flagitiis

121 1819 421 1863 dedecorauere,
457 1816 684 1867 turpissumi
722 1816 794 1854 uiri
833 1818 1028 1855 bonorum
1067 1816 1240 1866 praemia
1277 1825 1456 1866 ereptum

53 1898 102 1932 43
122 1891 226 1920 eunt.
284 1882 338 1920 ita
366 1881 633 1920 iniustissume
662 1880 812 1919 luxuria
840 1889 879 1919 et
908 1880 1076 1931 ignauia,
1107 1894 1314 1930 pessumae
1342 1889 1455 1929 artes,

123 1948 196 1984 illis
230 1946 299 1996 qui
332 1948 489 1984 coluere
523 1958 589 1984 eas
623 1944 721 1983 nihil
754 1944 942 1991 officiunt,
975 1945 1030 1983 rei
1061 1944 1243 1994 publicae
1275 1944 1458 1984 innoxiae

55 2024 106 2057 44
124 2012 224 2050 cladi
252 2019 354 2049 sunt.
416 2023 520 2048 nunc
550 2009 737 2059 quoniam
767 2009 853 2057 illis,
883 2018 1072 2059 quantum
1104 2009 1181 2048 mei
1211 2023 1350 2056 mores,
1376 2023 1457 2047 non

125 2076 281 2114 illorum
313 2074 458 2124 flagitia
491 2075 720 2124 poscebant,
754 2074 950 2124 respondi,
985 2087 1111 2123 pauca
1144 2074 1195 2112 de
1228 2086 1267 2111 re
1302 2073 1459 2123 publica

57 2147 103 2185 45
125 2142 270 2189 loquar.
348 2138 516 2188 primum
564 2138 742 2178 omniurn
790 2139 841 2178 de
887 2138 1077 2177 Numidia
1121 2139 1271 2176 bonum
1312 2139 1459 2188 ‚habete

126 2203 312 2250 animum,
347 2203 529 2252 Quirites.
589 2217 680 2241 nam
714 2216 815 2252 quae
849 2203 900 2240 ad
934 2203 1009 2241 hoc
1043 2210 1200 2252 tempus
1231 2203 1459 2252 Iugurtham

128 2277 250 2308 tutata
283 2276 383 2314 sunt,
416 2268 549 2305 omnia
578 2268 813 2314 remouistis,
844 2267 1057 2313 auaritiam,
1089 2267 1310 2317 inperitiam
1341 2274 1460 2317 atque
