1596 2495
378 78 465 114 DE
502 77 701 114 BELLO
739 78 1138 115 JUGURTHJNO
1372 89 1421 125 39

89 179 280 217 festinans
308 178 442 228 pergit,
473 178 639 228 quietus,
669 178 723 216 uti
752 192 811 216 res
840 179 1074 228 postulabat,
1107 178 1231 217 aciem
1262 185 1421 216 exornat

92 258 220 294 neque
249 243 407 282 remittit
437 243 534 293 quid
565 243 710 292 ubique
740 243 862 281 hostis
892 251 1022 292 ageret
1049 245 1260 293 explorare.
1320 250 1421 292 post·
1441 247 1462 281 6

92 322 210 357 quam
240 307 432 346 Rutilium
463 308 688 346 consedisse
718 308 794 346 iam
829 315 867 346 et
901 307 1032 346 animo
1066 321 1235 346 uacuom
1269 307 1421 357 accepit

91 374 284 423 simulque
305 386 352 411 ex
372 373 584 422 Iugurthae
604 372 755 422 proelio
783 374 992 411 clamorem
1021 373 1163 422 augeri,
1191 373 1345 419 ueritus,
1371 386 1421 411 ne

91 439 239 487 legatus
279 438 436 486 cognita
474 450 514 476 re
553 436 820 475 laborantibus
860 437 937 474 suis
975 437 1119 474 auxilio
1152 437 1261 483 foret,
1297 436 1420 474 aciem

91 516 209 552 quam
239 503 421 541 diffidens
451 502 583 540 uirtuti
614 502 780 539 militum
811 509 892 540 arte
920 509 1117 548 statuerat,
1146 515 1224 551 quo
1251 502 1420 540 hostium

91 567 216 605 itineri
239 568 420 613 officeret,
442 567 555 605 latius
580 567 741 616 porrigit
768 579 895 616 eoque
922 567 1043 605 modo
1070 568 1120 605 ad
1149 566 1270 604 Rutili
1297 574 1421 604 castra

92 631 281 681 procedit.
340 632 513 670 Romani
559 645 604 670 ex
650 631 852 680 inprouiso
898 632 1069 680 pulueris
1113 631 1193 668 uim
1238 644 1419 681 magnam
1440 635 1500 680 53

90 696 432 734 animaduortunt:
481 710 571 734 nam
617 704 870 746 prospectum
910 709 1000 746 ager
1038 695 1204 733 arbustis
1247 696 1421 734 consitus

91 761 332 809 prohibebat.
391 769 430 799 et
468 762 594 811 primo
634 762 702 800 rati
741 762 904 799 humum
938 761 1087 798 aridam
1120 768 1240 799 uento
1274 760 1418 811 agitari,

92 834 179 875 post
218 825 285 864 ubi
323 826 571 875 aequabilem
611 839 769 864 manere
809 835 858 872 et,
894 826 1006 864 sicuti
1040 826 1142 864 acies
1176 827 1420 872 mouebatur,

92 891 214 941 magis
254 890 454 941 magisque
488 892 803 942 adpropinquare
838 891 985 937 uident,
1021 891 1179 941 cognita
1211 905 1252 930 re
1287 905 1423 941 prope-

92 964 220 994 rantes
257 969 365 994 arma
406 957 565 1006 capiunt
609 970 655 995 ac
698 970 769 1007 pro
813 957 957 1002 castris,
999 957 1110 995 sicuti
1148 956 1419 1006 imperabatur,

92 1021 320 1059 consistunt.
379 1022 534 1069 deinde,
580 1021 648 1060 ubi
693 1021 854 1071 propius
901 1030 1062 1059 uentum
1107 1030 1176 1070 est,
1226 1022 1422 1072 utrimque
1443 1037 1461 1060 2

93 1099 236 1136 magno
277 1087 448 1125 clamore
493 1086 744 1125 concurritur.
805 1086 1004 1124 Numidae
1048 1088 1324 1126 tantummodo
1369 1101 1463 1139 re-3

93 1152 244 1199 morati,
275 1153 370 1190 dum
399 1152 439 1189 in
469 1152 686 1203 elephantis
716 1152 900 1190 auxilium
931 1160 1081 1203 putant,
1114 1161 1325 1202 postquam
1354 1166 1422 1191 eos

93 1217 292 1267 inpeditos
326 1218 441 1256 ramis
475 1221 656 1258 arborum
691 1226 809 1268 atque
843 1218 897 1256 ita
931 1217 1115 1256 disiectos
1153 1217 1424 1256 circumueniri

95 1282 242 1330 uident,
269 1284 399 1333 fugam
427 1283 575 1322 faciunt
602 1296 648 1321 ac
675 1283 850 1332 plerique
880 1283 1042 1321 abiectis
1071 1282 1188 1321 armis
1217 1283 1327 1321 collis
1357 1291 1424 1322 aut

95 1348 231 1393 noctis,
261 1361 361 1397 quae
387 1348 462 1386 iam
491 1349 636 1395 aderat,
667 1348 810 1386 auxilio
841 1348 979 1398 integri
1008 1349 1163 1386 abeunt.
1224 1349 1423 1398 elephanti
1442 1358 1466 1391 4

96 1419 277 1461 quattuor
296 1412 412 1461 capti,
435 1413 570 1462 reliqui
595 1426 733 1452 omnes
754 1426 919 1451 numero
940 1413 1198 1463 quadraginta
1218 1413 1420 1453 interfecti.

96 1486 134 1514 at
171 1476 352 1523 Romani,
389 1490 630 1527 quamquam
664 1478 800 1516 itinere
835 1486 952 1528 atque
986 1491 1106 1528 opere
1140 1485 1351 1517 castrorum
1387 1486 1424 1517 et
1443 1489 1462 1526 5

96 1540 245 1590 proelio
273 1541 361 1579 fessi
388 1541 558 1591 laetique
586 1550 707 1587 erant,
735 1549 877 1590 tamen,
907 1543 1016 1591 quod
1045 1544 1229 1581 Metellus
1259 1542 1424 1592 amplius

96 1604 283 1655 opinione
304 1606 540 1652 morabatur,
562 1605 739 1643 instructi
759 1605 979 1655 intentique
1006 1606 1164 1644 obuiam
1190 1610 1421 1657 procedunt.

97 1683 185 1707 nam
213 1669 326 1708 dolus
354 1671 613 1709 Numidarum
642 1671 736 1708 nihil
766 1671 941 1721 languidi
970 1685 1099 1721 neque
1128 1673 1278 1710 remissi
1306 1672 1424 1723 patie-
1443 1677 1466 1713 6

99 1735 220 1773 batur.
279 1747 325 1773 ac
362 1734 488 1784 primo
527 1737 694 1773 obscura
731 1744 859 1782 nocte,
898 1743 1109 1785 postquam
1148 1737 1253 1774 haud
1291 1739 1465 1792 procul7

97 1798 196 1837 inter
222 1811 263 1837 se
289 1806 409 1844 erant,
438 1799 598 1848 strepitu
628 1800 735 1837 uelut
763 1800 897 1838 hostes
926 1801 1151 1847 aduentare,
1182 1800 1291 1839 alteri
1318 1802 1425 1850 apud

97 1865 238 1901 alteros
275 1864 525 1902 formidinem
565 1863 680 1902 simul
718 1871 756 1902 et
795 1865 1007 1902 tumultum
1045 1865 1183 1909 facere,
1225 1873 1262 1903 et
1300 1879 1425 1914 paene

99 1928 345 1977 inprudentia
365 1928 580 1967 admissum
599 1927 749 1966 facinus
773 1928 1002 1974 miserabile,
1031 1928 1072 1966 ni
1098 1931 1293 1979 utrimque
1320 1944 1427 1980 prae-

100 1992 206 2030 missi
229 1991 379 2042 equites
404 2006 486 2032 rem
513 1992 832 2042 explorauissent.
891 1993 1006 2043 igitur
1032 2007 1103 2043 pro
1130 2001 1237 2033 metu
1264 2004 1425 2044 repente
1445 1999 1468 2034 8

99 2057 283 2108 gaudium
314 2065 494 2103 mutatur,
526 2057 670 2096 milites
699 2057 798 2096 alius
827 2057 944 2095 alium
975 2058 1066 2097 laeti
1096 2060 1308 2108 appellant,
1339 2070 1427 2099 acta

100 2125 269 2162 edocent
293 2131 411 2173 atque
436 2123 609 2171 audiunt,
642 2137 711 2161 sua
737 2124 901 2173 quisque
928 2123 1041 2162 fortia
1067 2125 1168 2162 facta
1193 2125 1244 2163 ad
1273 2127 1425 2163 caelum

100 2188 181 2224 fert.
239 2187 385 2237 quippe
411 2200 471 2226 res
496 2189 691 2226 humanae
707 2187 770 2225 ‘ita
796 2201 881 2226 sese
908 2189 1077 2227 habent:
1107 2189 1146 2226 in
1178 2189 1338 2228 uictoria
1364 2191 1426 2228 uel

103 2249 251 2299 ignauis
271 2251 424 2301 gloriari
445 2251 548 2300 licet,
565 2253 755 2291 aduorsae
775 2265 834 2290 res
855 2251 973 2291 etiam
996 2255 1121 2291 bonos
1143 2253 1369 2292 detrectant.
