1596 2495
420 63 507 98 DE
544 61 741 99 BELLO
778 61 1173 99 IUGURTHJNO
1427 77 1449 111 9

129 164 264 213 paucis
295 163 432 201 diebus
462 176 550 201 cum
578 176 671 201 auro
698 171 735 201 et
764 170 923 212 argento
950 164 1073 202 multo
1104 166 1273 201 Romam
1304 166 1449 213 legatos

129 228 258 274 mittit,
280 227 367 276 quis
393 226 595 276 praecipit,
616 226 783 276 primum
803 228 858 266 uti
883 234 1032 267 ueteres
1056 228 1204 266 amicos
1225 229 1450 267 muneribus

129 294 319 342 expleant,
357 290 501 329 deinde
539 303 666 330 nouos
699 291 916 341 adquirant,
952 299 1150 341 postremo
1179 305 1450 341 quaecumque

128 357 280 407 possint
309 355 513 405 largiundo
542 369 677 406 parare
707 370 756 395 ne
785 364 1025 395 cunctentur.
1084 358 1154 396 sed
1183 357 1249 395 ubi
1279 359 1450 395 Romam
1472 369 1490 404 7

129 421 242 472 legati
280 434 423 460 uenere
461 428 500 460 et
538 434 584 459 ex
622 429 834 471 praecepto
876 421 974 471 regis
1019 420 1238 471 hospitibus
1276 420 1450 471 aliisque,

129 500 294 537 quorum
315 499 361 526 ea
386 493 620 536 tempestate
644 486 682 524 in
709 493 846 524 senatu
871 486 1080 524 auctoritas
1104 487 1287 536 pollebat,
1311 500 1452 537 magna

129 565 289 591 munera
321 552 471 597 misere,
502 558 609 589 tanta
642 551 886 590 conmutatio
918 551 1089 597 incessit,
1119 559 1162 590 ut
1190 565 1238 590 ex
1271 565 1452 590 maxuma

129 616 275 655 inuidia
302 616 340 654 in
370 615 531 667 gratiam
561 622 600 654 et
627 617 801 653 fauorem
831 614 1044 653 nobilitatis
1075 616 1261 664 Iugurtha
1289 616 1448 655 ueniret.

129 694 291 730 quorum
323 693 409 729 pars
439 692 518 729 spe,
549 678 614 717 alii
642 678 816 728 praemio
848 679 1000 718 inducti
1029 678 1201 730 singulos
1235 694 1281 718 ex
1314 688 1451 720 senatu
1471 687 1493 722 8

129 745 345 784 ambiundo
388 743 624 791 nitebantur,
668 757 717 782 ne
761 743 916 792 grauius
960 744 999 781 in
1044 757 1131 783 eum
1175 747 1448 786 consuleretur.

130 810 242 860 igitur
282 808 350 847 ubi
391 808 507 858 legati
548 807 640 845 satis
678 808 893 854 confidunt,
934 807 998 846 die
1039 808 1253 847 constituto
1295 818 1494 858 senatus9

129 873 301 924 utrisque
349 873 471 912 datur.
541 880 623 911 tum
672 873 936 911 Adherbalem
984 874 1060 911 hoc
1109 874 1229 912 modo
1278 876 1452 913 locutum

129 938 360 988 accepimus.

210 1006 365 1042 ‘Patres
403 1001 623 1052 conscripti,
656 1002 826 1052 Micipsa
862 1011 972 1054 pater
1005 1017 1115 1042 meus
1149 1004 1318 1043 moriens
1356 1005 1450 1042 mihi
1471 1002 1529 1045 14

129 1067 338 1118 praecepit,
365 1075 406 1105 ut
432 1067 538 1117 regni
566 1068 778 1106 Numidiae
807 1075 958 1105 tantum
988 1070 1108 1107 modo
1137 1070 1451 1118 procurationem

130 1133 399 1171 existumarem
420 1144 560 1178 meam,
581 1138 750 1170 ceterum
776 1130 833 1169 ius
854 1139 893 1170 et
912 1131 1117 1181 imperium
1138 1132 1220 1171 eius
1240 1146 1360 1182 penes
1381 1148 1452 1173 uos

130 1210 239 1245 esse3
271 1196 385 1235 simul
416 1195 580 1234 eniterer
608 1195 715 1234 domi
745 1195 983 1245 militiaeque
1013 1209 1129 1246 quam
1159 1211 1340 1236 maxumo
1367 1199 1452 1237 usui

130 1275 214 1300 esse
234 1262 382 1310 populo
401 1263 602 1308 Romano3
631 1273 702 1298 uos
719 1259 812 1297 mihi
833 1268 1100 1310 cognatorum,
1117 1273 1189 1298 uos
1208 1261 1248 1299 in
1265 1262 1450 1300 adfinium

131 1327 261 1363 locum
276 1326 486 1363 ducerem:
515 1324 545 1362 si
565 1337 610 1362 ea
625 1323 815 1371 fecissem,
833 1324 872 1361 in
888 1332 1017 1362 uostra
1037 1324 1208 1363 amicitia
1229 1326 1452 1375 exercitum,

131 1387 298 1434 diuitias,
323 1386 564 1424 munimenta
593 1385 699 1436 regni
725 1399 787 1424 me
814 1386 1044 1424 habitururn.
1103 1400 1203 1436 quae
1230 1401 1319 1425 cum
1347 1401 1453 1437 prae·
1473 1400 1492 1423 2

132 1459 246 1501 cepta
268 1450 438 1501 parentis
462 1450 540 1488 mei
563 1449 760 1499 agitarem,
788 1451 983 1500 Iugurtha,
1009 1451 1130 1490 homo
1155 1451 1331 1490 omnium
1356 1466 1453 1502 quos

132 1522 231 1552 terra
271 1513 434 1552 sustinet
471 1513 814 1560 sceleratissumus,
854 1522 1083 1563 contempto
1122 1515 1284 1564 imperio
1322 1524 1453 1554 uostro

134 1577 364 1616 Masinissae
402 1590 465 1616 me
503 1584 689 1626 nepotem
727 1585 766 1616 et
803 1577 879 1615 iam
917 1579 966 1616 ab
1002 1577 1120 1627 stirpe
1156 1578 1306 1617 socium
1337 1588 1453 1629 atque

133 1642 300 1680 amicum
324 1641 459 1691 populi
483 1641 656 1680 Romani
679 1654 797 1691 regno
822 1643 1063 1691 fortunisque
1087 1642 1268 1681 omnibus
1293 1644 1451 1693 expulit.

133 1714 250 1755 atque
274 1719 357 1755 ego,
383 1713 511 1754 patres
534 1704 756 1754 conscripti,
778 1705 965 1755 quoniam
992 1719 1039 1744 eo
1060 1706 1299 1745 miseriarum
1319 1715 1453 1746 uentu·
1473 1717 1495 1752 3

134 1783 195 1808 rus
217 1783 331 1815 eram,
353 1770 495 1808 uellem
516 1769 644 1819 potius
666 1771 717 1808 ob
741 1783 829 1808 mea
851 1783 970 1819 quam
995 1771 1047 1809 ob
1067 1770 1256 1809 maiorum
1277 1785 1453 1810 meorum

134 1833 313 1873 benificia
332 1846 489 1882 possem
509 1846 532 1871 a
551 1833 664 1872 uobis
685 1834 868 1872 auxilium
889 1842 1031 1884 petere,
1053 1848 1099 1873 ac
1119 1848 1300 1873 maxume
1320 1835 1454 1875 deberi

135 1898 229 1936 mihi
248 1898 429 1936 benificia
446 1910 470 1935 a
488 1900 636 1947 populo
660 1900 843 1937 Romano
868 1899 1008 1948 quibus
1029 1911 1108 1937 non
1133 1912 1298 1948 egerem,
1321 1913 1455 1938 secun-

134 1964 229 2001 dum
267 1975 323 2008 ea,
366 1962 397 2000 si
440 1962 699 2001 desideranda
741 1970 861 2009 erant,
901 1963 956 2001 uti
1000 1963 1142 2002 debitis
1184 1973 1320 2003 uterer.
1381 1967 1495 2015 sed4

135 2027 320 2077 quoniam
349 2040 484 2078 parum
514 2035 596 2082 tuta
625 2041 692 2077 per
720 2041 761 2067 se
790 2028 873 2078 ipsa
901 2028 1075 2078 probitas
1104 2037 1172 2075 est,
1201 2042 1330 2079 neque
1359 2031 1454 2068 mihi

136 2092 174 2130 in
205 2105 323 2131 manu
355 2092 423 2131 fuit
453 2094 638 2143 Iugurtha
666 2092 790 2142 qualis
821 2095 928 2139 foret,
953 2094 1005 2132 ad
1033 2106 1105 2132 uos
1131 2094 1298 2143 confugi,
1325 2102 1453 2144 patres

136 2157 357 2205 conscripti,
382 2156 535 2205 quibus,
559 2158 667 2205 quod
695 2156 790 2197 mihi
820 2161 1087 2195 miserrumum
1112 2166 1180 2203 est,
1206 2171 1324 2207 cogor
1348 2158 1454 2207 prius

137 2220 244 2257 oneri
285 2233 402 2268 quam
445 2220 529 2258 usui
572 2234 665 2258 esse.
735 2222 849 2259 ceteri
894 2234 1001 2270 reges
1039 2229 1104 2258 aut
1144 2223 1246 2259 bello
1286 2221 1375 2259 uicti
1414 2221 1452 2258 in
1473 2236 1492 2272 5
