1596 2495
123 110 169 156 76
481 112 522 148 C.
565 112 708 148 SALL
720 112 857 149 HSTJ
897 112 1096 149 ClelSstl

119 224 218 261 quae
248 211 320 249 sibi
351 213 506 251 duobus
537 212 694 262 proeliis
721 221 910 252 uenerant
938 227 1006 253 seu
1035 215 1262 253 admonitus
1289 218 1339 254 ab
1366 216 1450 255 aliis

118 276 254 314 amicis
273 290 372 326 quos
396 277 652 327 inconruptos
679 279 867 328 Iugurtha
893 279 1115 329 reliquerat,
1135 293 1183 318 ex
1207 280 1315 319 omni
1336 280 1451 331 copia

119 342 424 380 necessariorum
455 342 631 392 quinque
659 342 814 393 delegit,
843 356 1009 393 quorum
1038 351 1077 383 et
1103 345 1200 383 fides
1227 346 1386 395 cognita
1412 353 1450 386 et

76 416 98 452 3
119 407 273 456 ingenia
304 406 556 445 ualidissuma
586 415 706 446 erant.
765 421 833 447 eos
863 409 914 447 ad
945 409 1126 456 Marium,
1157 423 1204 448 ac
1231 410 1388 458 deinde,
1419 411 1450 450 si

119 473 283 522 placeat,
322 473 491 510 Romam
526 473 677 522 legatos
710 471 763 511 ire
797 471 930 511 iubet:
970 474 1213 523 agundarum
1249 488 1376 513 rerum
1412 483 1451 514 et

119 550 369 587 quocumque
390 539 511 576 modo
532 537 623 577 belli
645 538 902 588 conponundi
922 537 1120 577 licentiam
1141 538 1235 589 ipsis
1250 539 1448 590 permittit.

77 611 101 644 4
119 601 173 639 illi
194 610 345 640 mature
364 603 413 641 ad
435 602 600 641 hiberna
620 605 894 642 Romanorum
915 603 1225 653 proficiscuntur,
1246 604 1392 644 deinde
1412 604 1451 643 in

120 667 258 707 itinere
284 681 307 706 a
330 669 506 707 Gaetulis
531 668 748 707 latronibus
771 668 1029 707 circumuenti
1051 668 1295 719 spoliatique,
1318 670 1451 720 pauidi

119 733 204 771 sine
233 734 376 772 decore
405 735 455 772 ad
485 735 632 772 Sullam
660 734 896 785 perfugiunt,
917 747 1035 784 quem
1063 735 1201 772 consul
1226 734 1267 772 in
1293 735 1451 786 expedi-

78 807 98 845 5
119 798 268 838 tionem
297 797 550 849 proficiscens
583 812 655 849 pro
688 808 868 849 praetore
898 800 1116 848 reliquerat.
1174 811 1243 837 eos
1274 798 1339 838 ille
1369 813 1452 838 non

119 878 190 915 pro
205 863 316 902 uanis
332 863 523 910 hostibus,
544 864 600 902 uti
616 864 742 903 meriti
756 873 875 911 erant,
898 865 966 903 sed
984 865 1168 903 adcurate
1184 877 1230 902 ac
1246 864 1453 904 liberaliter

120 929 264 968 habuit.
324 943 403 980 qua
438 943 479 969 re
517 929 669 968 barbari
709 938 747 969 et
779 931 925 968 famam
962 932 1234 968 Romanorum
1268 930 1452 970 auaritiae

120 996 255 1034 falsam
287 1002 325 1033 et
354 996 499 1033 Sullam
539 995 591 1033 ob
630 995 937 1034 munificentiam
976 995 1016 1033 in
1055 1008 1139 1034 sese
1168 994 1338 1034 amicum
1367 996 1450 1035 rati.

79 1059 101 1094 6
120 1073 209 1097 nam
233 1059 352 1098 etiam
373 1067 456 1097 tum
478 1059 628 1109 largitio
649 1059 780 1097 multis
808 1059 941 1111 ignota
969 1068 1072 1099 erat:
1102 1059 1308 1099 munificus
1333 1074 1451 1100 nemo

120 1127 327 1175 putabatur
361 1125 436 1163 nisi
467 1127 608 1175 pariter
641 1127 788 1171 uolens,
826 1127 931 1164 dona
962 1125 1097 1163 omnia
1134 1125 1174 1163 in
1213 1125 1452 1176 benignitate

81 1199 100 1237 7
121 1192 373 1229 habebantur.
433 1191 547 1241 igitur
578 1191 776 1241 quaestori
806 1193 993 1230 mandata
1022 1191 1171 1231 Bocchi
1199 1192 1451 1243 patefaciunt,

121 1256 236 1294 simul
259 1257 309 1295 ab
334 1269 381 1294 eo
402 1264 540 1306 petunt
557 1258 611 1294 uti
632 1258 759 1294 fautor
778 1257 1057 1306 consultorque
1078 1257 1151 1295 sibi
1171 1257 1283 1304 adsit,
1305 1258 1450 1307 copias,

122 1322 252 1368 fidem,
282 1321 592 1371 magnitudinem
623 1321 724 1371 regis
752 1322 810 1359 sui
841 1330 880 1360 et
908 1322 994 1368 alia,
1023 1335 1124 1372 quae
1154 1330 1221 1361 aut
1249 1322 1359 1361 utilia
1386 1330 1452 1361 aut

122 1385 413 1424 beniuolentiae
459 1399 544 1424 esse
586 1387 811 1434 credebant,
851 1386 1029 1425 oratione
1066 1388 1270 1426 extollunt.
1347 1387 1451 1435 dein,

122 1452 227 1489 Sulla
268 1450 399 1489 omnia
443 1450 630 1500 pollicito,
671 1450 790 1497 docti,
829 1464 910 1500 quo
955 1452 1076 1491 modo
1119 1453 1227 1502 apud
1270 1452 1451 1499 Marium,

121 1514 214 1554 item
253 1516 362 1565 apud
400 1524 578 1554 senatum
617 1517 739 1555 uerba
776 1518 958 1564 facerent,
991 1516 1141 1556 circiter
1175 1517 1260 1557 dies
1291 1518 1453 1568 quadra-

121 1580 228 1631 ginta
256 1580 404 1620 ibidem
435 1581 698 1632 opperiuntur.

14 1642 104 1686 104
205 1644 353 1683 Marius
370 1654 580 1695 postquam
597 1647 779 1685 confecto
795 1660 876 1697 quo
892 1647 1113 1686 intenderat
1128 1646 1288 1697 negotio
1304 1646 1453 1686 Cirtam

122 1710 234 1748 rediit
262 1717 299 1748 et
319 1711 370 1749 de
390 1711 563 1749 aduentu
584 1712 802 1760 legatorum
824 1711 963 1750 certior
986 1713 1112 1750 factus
1138 1720 1209 1756 est,
1229 1711 1396 1761 illosque
1415 1719 1454 1750 et

123 1776 268 1814 Sullam
286 1773 353 1827 [ab
369 1773 521 1828 Tucca]
539 1775 672 1814 uenire
688 1775 808 1820 iubet,
825 1775 917 1815 item
937 1777 978 1814 L.
999 1776 1219 1816 Bellienum
1236 1784 1452 1826 praetorem

124 1842 254 1888 Utica,
271 1849 471 1890 praeterea
492 1841 620 1879 omnis
641 1842 816 1891 undique
837 1840 1022 1880 senatorii
1041 1841 1200 1889 ordinis,
1217 1840 1453 1891 quibuscum

84 1916 103 1939 2
125 1906 309 1943 mandata
330 1905 479 1943 Bocchi
499 1905 712 1955 cognoscit.
755 1905 795 1943 in
815 1905 913 1955 quis,
932 1905 1068 1955 legatis
1087 1913 1261 1955 potestas
1282 1907 1452 1944 Romam

125 1969 244 2008 eundi
287 1970 390 2008 fieret
431 1971 482 2008 ab
524 1972 698 2016 consule,
738 1969 888 2009 interea
928 1970 1104 2009 indutiae
1142 1971 1451 2020 postulabantur.

125 2047 170 2071 ea
198 2035 326 2072 Sullae
356 2043 394 2072 et
423 2034 619 2084 plerisque
648 2036 852 2085 placuere3
887 2035 1001 2085 pauci
1030 2036 1198 2073 ferocius
1225 2036 1451 2082 decernunt,

125 2098 270 2137 scilicet
305 2099 425 2148 ignari
459 2113 587 2138 rerum
620 2101 891 2148 humanarum,
924 2113 1024 2150 quae
1058 2101 1183 2139 fluxae
1217 2108 1254 2138 et
1289 2099 1454 2138 mobiles

82 2172 104 2208 3
125 2175 276 2211 semper
312 2162 352 2201 in
386 2164 553 2202 aduorsa
586 2172 795 2203 mutantur.
854 2173 1025 2203 ceterum
1063 2164 1202 2212 Mauri,
1240 2163 1454 2214 impetratis

124 2226 307 2264 omnibus
346 2228 472 2274 rebus,
513 2235 589 2265 tres
628 2229 799 2266 Romam
838 2227 1002 2277 profecti
1040 2241 1130 2265 cum
1170 2229 1243 2267 Cn.
1284 2227 1453 2266 Octauio

129 2291 301 2338 Rusone,
334 2290 402 2342 qui
439 2298 622 2342 quaestor
660 2291 901 2342 stipendium
939 2291 979 2330 in
1010 2290 1182 2329 Africam
1217 2299 1452 2342 portauerat,
