1596 2495
195 114 241 148 34
558 101 597 137 c.
641 99 931 137 SALLUSTJ
970 99 1043 136 CR
1051 98 1171 136 JSJ‘J

195 203 452 254 temperantia
494 203 594 241 inter
636 202 891 241 ambitionem
938 201 1221 252 saeuitiamque
1265 203 1522 240 moderatum.

194 282 363 317 namque
396 267 527 306 edicto
559 266 727 316 primum
760 267 989 305 adiumenta
1020 266 1200 315 ignauiae
1232 266 1444 313 sustulisse,
1476 279 1525 305 ne

193 332 399 382 quisquam
429 332 468 368 in
495 331 628 368 eastris
656 342 797 379 panem
826 338 893 369 aut
919 344 1035 380 quem
1064 331 1181 368 alium
1209 336 1364 367 coctum
1392 329 1523 368 eibum

194 396 392 441 uenderet,
416 408 466 433 ne
486 395 587 433 lixae
608 395 818 433 exercitum
841 404 1105 445 sequerentur,
1129 408 1178 433 ne
1199 395 1310 433 miles
1329 395 1524 445 gregarius

193 460 231 497 in
263 459 397 497 eastris
428 472 528 498 neue
558 459 597 497 in
628 459 783 508 agmine
814 473 967 498 seruum
998 468 1066 498 aut
1092 459 1310 498 iumentum
1338 460 1523 508 haberet,

193 524 331 563 ceteris
347 531 428 563 arte
445 524 608 562 modum
626 523 816 562 statuisse.
859 531 1057 573 praeterea
1072 524 1306 561 transuorsis
1323 522 1524 562 itineribus

194 590 339 629 cotidie
373 597 499 628 castra
532 602 703 635 mouere,
739 589 845 627 iuxta
877 603 923 627 ac
958 589 988 626 si
1026 590 1160 626 hostes
1199 589 1382 626 adessent
1419 590 1523 626 uallo

194 663 311 704 atque
335 656 438 693 fossa
459 654 622 700 munire,
643 654 793 703 uigilias
820 655 975 692 crebras
996 666 1143 703 ponere
1171 660 1209 691 et
1236 666 1301 691 eas
1329 653 1411 703 ipse
1432 667 1523 691 cum

193 720 328 769 legatis
362 718 576 764 circumire,
608 717 701 756 item
736 717 772 755 in
809 717 964 767 agmine
998 717 1039 755 in
1068 716 1202 766 primis
1232 717 1365 764 modo,
1403 718 1523 756 modo

193 786 232 824 in
262 785 478 835 postremis,
513 797 631 834 saepe
662 784 701 822 in
734 784 866 822 medio
897 784 1046 829 adesse,
1080 796 1130 821 ne
1162 782 1353 832 quispiam
1386 782 1524 822 ordine

193 852 448 901 egrederetur,
489 858 530 888 ut
573 862 663 888 cum
702 848 820 899 signis
866 850 1086 897 frequentes
1132 847 1372 894 incederent,
1413 847 1523 887 miles

151 931 172 966 3
192 916 323 954 cibum
354 923 391 955 et
423 928 531 953 arma
561 922 742 964 portaret.
802 913 855 952 ita
886 913 1135 962 prohibendo
1169 926 1192 950 a
1221 912 1373 950 delictis
1402 913 1523 962 magis

192 995 309 1031 quam
340 981 582 1019 uindicando
615 979 826 1018 exercitum
859 978 967 1017 breui
1000 977 1257 1017 confirmauit.

113 1049 174 1093 46
274 1049 429 1085 Interea
461 1046 657 1095 Iugurtha,
688 1043 755 1082 ubi
784 1057 886 1093 quae
918 1044 1101 1081 Metellus
1132 1045 1273 1092 agebat
1302 1056 1348 1081 ex
1379 1042 1522 1081 nuntiis

191 1110 356 1159 accepit,
396 1110 508 1148 simul
548 1111 597 1148 de
637 1108 864 1147 innocentia
903 1108 986 1145 eius
1025 1107 1165 1146 certior
1209 1109 1339 1145 Roma
1383 1108 1518 1155 sactus,

192 1175 367 1214 diffidere
387 1174 464 1212 suis
485 1176 599 1212 rebus
619 1187 665 1212 ac
687 1181 768 1211 tum
789 1174 949 1211 demum
972 1185 1103 1210 ueram
1130 1171 1373 1210 deditionem
1397 1173 1522 1210 facere

153 1254 171 1278 2
193 1247 356 1278 conatus
401 1246 469 1277 est.
527 1238 640 1285 igitur
679 1239 827 1286 legatos
865 1237 916 1274 ad
953 1237 1156 1275 consulem
1194 1249 1284 1274 eum
1324 1235 1522 1285 suppliciis

194 1305 322 1351 mittit,
351 1305 416 1354 qui
449 1304 724 1342 tantummodo
752 1302 825 1351 ipsi
852 1301 1058 1350 liberisque
1084 1300 1205 1338 uitam
1232 1308 1420 1349 peterent,
1448 1301 1523 1339 alia

152 1387 172 1422 3
193 1369 327 1408 onmia
355 1370 545 1408 dederent
575 1369 722 1417 populo
754 1369 946 1405 Romano.
1006 1367 1075 1404 sed
1107 1366 1271 1404 Metello
1300 1364 1377 1402 iam
1407 1373 1522 1404 antea

192 1433 467 1485 experimentis
505 1433 707 1483 cognitum
746 1439 826 1471 erat
868 1445 990 1481 genus
1036 1430 1297 1469 Numidarum
1343 1430 1519 1479 infidum,

151 1514 173 1545 4
191 1499 348 1549 ingenio
370 1498 516 1544 mobili,
539 1511 726 1537 nouarum
749 1510 872 1536 rerum
895 1497 1054 1535 auidum
1077 1509 1172 1534 esse.
1222 1496 1354 1545 itaque
1373 1497 1521 1545 legatos

192 1564 312 1602 alium
342 1565 392 1602 ab
421 1564 497 1601 alio
527 1562 705 1600 diuorsos
735 1561 955 1611 aggreditur
985 1573 1030 1598 ac
1060 1560 1244 1609 paulatim
1276 1562 1518 1610 temptandO,

191 1636 401 1680 postquam
455 1635 697 1677 opportunos
750 1625 824 1664 sibi
877 1625 1063 1675 cognouit
1115 1625 1239 1661 multa
1294 1623 1520 1673 pollicendo

193 1694 411 1742 persuadet,
450 1692 506 1730 uti
547 1692 774 1740 Iugurtham
812 1703 992 1728 maxume
1031 1689 1175 1736 uiuom‚
1218 1688 1277 1726 sin
1311 1688 1352 1726 id
1387 1702 1519 1738 parum

193 1759 393 1807 procedat,
415 1764 597 1795 necatum
618 1755 691 1793 sibi
719 1756 927 1793 traderent.
987 1762 1159 1792 ceterum
1188 1754 1316 1804 palam
1345 1766 1446 1802 quae
1474 1767 1519 1792 ex

152 1836 171 1873 5
195 1823 394 1860 uoluntate
432 1822 558 1860 forent
596 1819 675 1869 regi
708 1819 877 1857 nuntiari
910 1818 1030 1857 iubet.
1088 1817 1232 1856 deinde
1267 1817 1349 1867 ipse
1383 1817 1519 1866 paucis

193 1886 333 1925 diebus
354 1886 506 1923 intento
526 1892 644 1933 atque
665 1883 807 1923 infesto
827 1882 996 1921 exercitu
1016 1881 1056 1920 in
1078 1880 1304 1920 Numidiam
1327 1881 1515 1930 procedit,

194 1950 261 1988 ubi
299 1957 435 1987 contra
474 1948 565 1988 belli
603 1949 741 1987 faciem
781 1947 932 1997 tuguria
969 1948 1085 1996 plena
1123 1946 1337 1991 hominum,
1377 1958 1520 1994 pecora

193 2016 439 2063 cultoresque
470 2013 508 2051 in
539 2013 637 2062 agris
667 2019 785 2051 erant.
844 2025 891 2051 ex
920 2011 1075 2061 oppidis
1102 2017 1140 2048 et
1167 2010 1385 2058 mapalibus
1411 2022 1519 2058 prae-

193 2078 284 2116 fecti
312 2078 411 2127 regis
441 2077 546 2116 obuii
576 2078 843 2127 procedebant
871 2076 994 2126 parati
1023 2077 1259 2113 frumentum
1289 2075 1391 2121 dare,
1428 2086 1518 2112 con-

195 2151 364 2181 meatum
388 2151 550 2191 portare,
574 2150 774 2192 postremo
795 2143 927 2179 omnia
949 2153 1048 2189 quae
1074 2140 1355 2187 imperarentur
1378 2140 1514 2177 facere.
1558 2158 1562 2161 Δ

154 2208 322 2256 6neque
362 2208 545 2244 Metellus
583 2207 729 2245 ideireo
767 2206 906 2251 minus,
948 2205 1015 2242 sed
1055 2203 1197 2253 pariter
1234 2216 1279 2240 ae
1317 2202 1348 2240 si
1385 2203 1517 2240 hostes

195 2274 390 2318 adessent,
425 2271 576 2308 munito
610 2271 765 2321 agmine
800 2270 991 2314 incedere,
1028 2269 1104 2305 late
1137 2269 1336 2317 explorare
1370 2265 1513 2314 omnia,

154 281 171 304 Ν
