1596 2495
114 130 160 152 20
469 118 510 154 C.
554 118 699 154 SALL
711 117 851 154 USTJ
888 117 1089 154 CRISPJ

110 227 278 265 senatus,
302 219 340 257 ni
362 220 550 268 paruisset
575 220 735 269 legatis:
767 234 883 269 porro
910 220 1062 258 animus
1090 219 1276 269 cupidine
1304 234 1444 259 caecus

69 286 91 319 8
110 284 159 320 ad
177 283 376 333 inceptum
397 285 523 322 scelus
544 283 776 333 rapiebatur.
835 285 929 324 uicit
946 293 1078 324 tamen
1094 286 1133 323 in
1151 285 1271 324 auido
1288 285 1445 336 ingenio

69 368 91 400 9
112 362 274 397 prauom
310 350 528 388 consilium.
588 349 703 399 igitur
737 349 907 388 exercitu
947 350 1190 388 circumdato
1220 363 1374 388 summa
1406 350 1444 388 ui

112 414 261 453 Cirtam
292 415 515 464 inrumpere
546 415 690 461 nititur,
719 428 901 454 maxume
932 429 1104 466 sperans,
1136 417 1298 454 diducta
1326 430 1443 454 manu

112 480 284 518 hostium
311 490 377 518 aut
406 481 444 518 ui
471 488 537 518 aut
565 480 666 519 dolis
694 494 778 519 sese
806 494 939 519 casum
967 481 1154 520 uictoriae
1182 481 1441 520 inventurum.

47 559 93 582 10
111 546 219 593 quod
253 544 319 583 ubi
354 558 465 583 secus
498 546 687 595 procedit,
723 559 853 595 neque
887 547 996 594 quod
1035 545 1255 584 intenderat
1294 547 1445 585 efficere

112 617 254 659 potest,
284 617 326 649 ut
357 610 463 660 prius
495 624 610 660 quam
644 612 793 660 legatos
825 610 1052 649 conveniret
1082 611 1317 650 Adherbalis
1347 612 1445 661 poti-

112 683 224 723 retur,
247 690 296 715 ne
320 676 487 726 amplius
510 677 701 714 morando
723 678 909 715 Scaurum
932 689 1049 725 quem
1070 677 1294 725 plurumum
1320 684 1443 716 nretu-

111 742 212 788 ebat,
241 741 480 789 incenderet,
504 755 592 779 cum
615 741 749 792 paucis
771 741 966 792 equitibus
994 741 1033 779 in
1055 741 1300 791 prouinciam
1323 742 1442 781 uenit.

48 821 88 844 11
111 820 157 844 ac
186 807 341 846 tametsi
371 807 496 846 senati
526 807 654 846 uerbis
682 821 820 858 graues
851 807 981 845 minae
1012 806 1305 853 nuntiabantur,
1337 809 1446 857 quod

111 873 161 910 ab
206 872 504 922 oppugnatione
549 886 629 911 non
667 872 882 918 desisteret,
924 873 1048 910 multa
1091 880 1223 911 tamen
1268 872 1445 911 oratione

32 943 91 986 26
111 944 348 987 consumpta
381 938 497 987 legati
530 939 669 976 frustra
702 938 927 977 discessere.
987 950 1033 975 ea
1067 944 1278 986 postquam
1314 938 1445 977 Cirtae

111 1002 245 1040 audita
272 1011 372 1050 sunt,
404 1003 540 1050 Italici,
573 1017 738 1052 quorum
769 1003 910 1041 uirtute
940 1001 1098 1041 moenia
1127 1002 1443 1050 defensabantur,

111 1067 248 1106 confisi
265 1068 467 1108 deditione
488 1069 589 1107 facta
604 1076 764 1118 propter
785 1067 1097 1118 magnitudinem
1119 1066 1255 1116 populi
1271 1067 1445 1106 Romani

111 1133 320 1172 inuiolatos
337 1148 420 1173 sese
439 1136 530 1180 fore,
550 1134 765 1173 Adherbali
787 1136 954 1173 suadent
975 1132 1031 1171 uti
1053 1145 1174 1181 seque
1196 1140 1232 1170 et
1253 1132 1444 1182 oppidum

113 1199 324 1247 Iugurthae
344 1199 482 1246 tradat,
505 1206 657 1237 tantum
677 1199 728 1236 ab
748 1212 796 1237 eo
818 1199 939 1236 uitam
964 1197 1207 1247 paciscatur:
1238 1198 1288 1235 de
1307 1197 1445 1235 ceteris

72 1263 263 1301 zsenatui
308 1276 422 1301 curae
460 1265 553 1302 fore.
617 1270 655 1301 at
694 1262 771 1308 ille,
812 1262 967 1301 tametsi
1006 1261 1141 1300 omnia
1178 1261 1331 1310 potiora
1368 1262 1445 1300 fide

113 1329 322 1377 Iugurthae
361 1329 528 1375 rebatur,
570 1334 704 1366 tamen
739 1327 830 1377 quia
869 1340 991 1376 penes
1031 1326 1205 1370 eosdem,
1240 1326 1269 1364 si
1309 1327 1446 1365 aduor—

112 1401 267 1441 saretur‚
309 1393 480 1443 cogundi
512 1400 687 1443 potestas
727 1400 819 1439 erat,
855 1391 909 1430 ita
948 1393 1003 1430 uti
1043 1398 1278 1430 censuerant
1318 1391 1443 1429 Italici

70 1470 91 1506 3
110 1459 354 1498 deditionem
381 1459 483 1497 facit.
544 1459 732 1508 Iugurtha
757 1457 798 1496 in
824 1456 957 1507 primis
977 1457 1246 1495 Adherbalem
1274 1455 1443 1495 excruci-

110 1533 218 1563 atum
243 1533 367 1571 necat,
392 1525 535 1563 deinde
560 1524 687 1562 omnis
712 1525 877 1573 puberes
906 1522 1101 1561 Numidas
1128 1530 1248 1572 atque
1273 1521 1446 1572 negotia-

111 1598 213 1629 tores
234 1590 467 1640 promiscue,
485 1589 541 1628 uti
561 1590 727 1639 quisque
744 1596 916 1627 armatus
937 1588 1078 1626 obuius
1098 1587 1234 1634 fuerat,
1251 1586 1442 1625 interficit.

29 1658 87 1701 27
192 1656 311 1703 Quod
338 1663 547 1705 postquam
579 1656 734 1692 Romae
763 1653 965 1703 cognitum
995 1660 1064 1699 est,
1091 1659 1129 1690 et
1155 1665 1214 1690 res
1241 1651 1281 1689 in
1308 1659 1444 1690 senatu

110 1720 245 1769 agitari
266 1728 416 1770 coepta,
439 1720 545 1758 idem
565 1719 620 1757 illi
641 1718 804 1757 ministri
824 1718 924 1768 regis
945 1718 1234 1767 interpellando
1255 1731 1303 1756 ac
1327 1730 1444 1766 saepe

109 1784 242 1834 gratia,
273 1785 469 1823 interdum
503 1783 634 1834 iurgiis
667 1784 863 1822 trahundo
894 1790 1050 1832 tempus
1079 1781 1323 1821 atrocitatem
1352 1782 1444 1820 facti

71 1863 89 1886 2
109 1849 319 1888 leniebant.
378 1863 424 1887 ac
454 1849 493 1886 ni
524 1850 567 1888 C.
599 1849 815 1887 Memmius
845 1848 1021 1886 tribunus
1051 1846 1176 1896 plebis
1206 1847 1442 1896 designatus,

111 1914 168 1952 uir
188 1927 276 1952 acer
296 1922 333 1952 et
354 1914 514 1953 infestus
536 1913 737 1963 potentiae
757 1912 983 1959 nobilitatis,
1002 1913 1194 1961 populum
1216 1913 1443 1950 Romanum

110 1980 334 2018 edocuisset
362 1979 403 2017 id
433 1979 495 2029 agi
523 1987 565 2018 ut
595 1993 663 2029 per
692 1991 839 2028 paucos
865 1977 1049 2016 factiosos
1081 1978 1293 2026 Iugurthae
1320 1977 1444 2014 scelus

110 2046 412 2090 condonaretur,
447 2044 626 2093 profecto
665 2045 793 2082 omnis
832 2042 981 2080 inuidia
1014 2040 1255 2091 prolatandis
1293 2041 1445 2078 consul-

110 2108 322 2147 tationibus
353 2109 504 2158 dilapsa
534 2110 656 2147 foret:
699 2115 808 2146 tanta
836 2107 895 2145 uis
928 2106 1072 2157 gratiae
1104 2114 1224 2155 atque
1254 2105 1444 2154 pecuniae

69 2172 210 2222 3regis
246 2180 335 2210 erat.
396 2173 465 2211 sed
499 2172 566 2211 ubi
606 2180 763 2211 senatus
803 2170 935 2210 delicti
973 2170 1216 2209 conscientia
1254 2169 1443 2218 populum
1494 2176 1497 2179 '

110 2238 232 2286 timet,
252 2239 336 2287 lege
353 2237 587 2286 Sempronia
607 2237 835 2286 prouinciae
857 2236 990 2274 futuris
1013 2235 1238 2274 consulibus
1257 2233 1445 2271 Numidia

68 2315 92 2349 4
110 2312 228 2354 atque
257 2302 368 2341 Italia
395 2304 588 2341 decretae.
646 2303 827 2341 consules
853 2300 1037 2347 declarati
1066 2302 1107 2338 P.
1131 2299 1264 2349 Scipio
1286 2298 1442 2345 Nasica,
