1596 2495
365 100 454 137 DE
491 99 688 137 BELLO
726 97 1123 136 IUGURTHJNO
1359 97 1403 131 81

82 202 360 253 digrediuntur.
419 209 457 240 at
483 215 549 240 rex
578 210 735 251 postero
764 201 829 239 die
854 203 1045 250 Asparem
1074 199 1284 249 Iugurthae
1309 198 1409 247 lega-
1427 199 1513 245 112

81 275 164 306 tum
193 269 366 317 appellat
395 266 568 316 dicitque
596 266 669 305 sibi
695 279 765 316 per
792 267 991 311 Dabarem
1013 277 1059 303 ex
1079 266 1183 304 Sulla
1208 262 1408 313 cognitum

81 344 197 381 posse
224 330 526 369 condicionibus
555 331 702 369 bellum
733 329 855 380 poni:
889 342 1007 378 quam
1039 329 1090 367 ob
1117 341 1198 366 rem
1228 327 1325 378 regis
1352 325 1410 365 sui

81 394 314 434 sententiam
363 394 592 444 exquireret.
662 394 726 432 ille
773 395 897 432 laetus
943 393 983 431 in
1031 401 1154 431 castra
1203 393 1409 443 Iugurthae
1431 407 1449 431 2

80 459 346 509 proficiscitur.
406 460 551 498 deinde
590 459 640 497 ab
678 458 746 497 illo
792 466 935 496 cuncta
984 459 1150 496 edoctus
1197 464 1408 506 properato

79 522 216 562 itinere
237 531 327 572 post
347 523 452 562 diem
473 532 657 562 octauum
679 522 779 561 redit
807 523 857 560 ad
888 523 1092 560 Bocchum
1123 528 1160 560 et
1191 520 1225 559 ei
1255 519 1409 559 nuntiat

82 589 311 637 Iugurtham
350 601 494 638 cupere
532 588 664 627 omnia
703 600 803 637 quae
840 587 1124 636 imperarentur
1161 587 1298 632 facere,
1339 585 1409 624 sed

82 651 209 691 Mario
247 665 383 702 parum
422 653 642 690 confidere:
681 664 799 701 saepe
838 659 954 690 antea
989 664 1079 689 cum
1109 649 1408 700 imperatoribus

83 716 272 754 Romanis
302 729 440 766 pacem
475 722 714 755 conuentam
745 716 883 754 frustra
919 715 1046 754 fuisse.
1105 723 1276 754 ceterum
1312 717 1409 754 Boc·
1428 727 1449 763 3

79 781 177 818 chus
213 780 245 819 si
282 781 475 819 ambobus
504 781 725 818 consultum
755 787 793 818 et
821 787 942 818 ratam
972 793 1110 829 pacem
1140 780 1268 825 uellet,
1300 780 1408 818 daret

80 857 239 894 operam
269 852 310 884 ut
338 858 417 883 una
444 845 496 884 ab
525 845 707 883 omnibus
737 844 848 894 quasi
878 846 928 883 de
957 858 1056 895 pace
1085 844 1125 883 in
1164 845 1407 894 colloquium

81 908 288 956 ueniretur,
311 909 443 959 ibique
472 909 546 948 sibi
577 911 724 948 Sullam
751 910 943 948 traderet:
974 923 1064 948 curn
1085 911 1202 948 talem
1223 909 1347 948 uirum
1367 908 1407 948 in

81 981 314 1022 potestatem
336 974 547 1020 habuisset,
570 982 653 1012 tum
676 975 757 1012 fore
777 973 832 1012 uti
853 973 959 1012 iussu
989 982 1146 1012 senatus
1176 982 1242 1012 aut
1272 973 1406 1023 populi

80 1039 218 1076 foedus
239 1040 358 1083 fieret,
382 1051 510 1087 neque
531 1039 731 1077 hominem
753 1038 925 1076 nobilem
954 1051 1034 1076 non
1061 1051 1129 1075 sua
1155 1037 1313 1088 ignauia
1338 1039 1408 1077 sed

81 1103 131 1141 ob
160 1116 243 1141 rem
273 1103 469 1152 publicam
501 1104 539 1141 in
570 1103 741 1141 hostium
769 1111 964 1152 potestate
994 1103 1169 1141 relictum
1197 1103 1252 1141 iri.
1310 1104 1408 1142 haec
1425 1099 1512 1145 113

82 1168 242 1204 Maurus
271 1180 403 1205 secum
432 1166 515 1216 ipse
545 1167 611 1205 diu
640 1168 806 1204 uoluens
835 1168 994 1205 tandem
1025 1166 1213 1216 promisit,
1235 1176 1407 1206 ceterum

81 1232 174 1269 dolo
194 1244 244 1268 an
265 1244 356 1270 uere
376 1239 580 1270 cunctatus
599 1245 734 1281 parum
757 1232 1030 1281 comperimus.
1088 1233 1158 1269 sed
1179 1233 1408 1282 plerumque

81 1295 206 1345 regiae
244 1285 467 1334 uoluntates
496 1304 538 1334 ut
577 1297 831 1335 uehementes
861 1296 916 1334 sic
945 1297 1122 1342 mobiles,
1154 1310 1270 1347 saepe
1299 1297 1407 1347 ipsae

82 1359 155 1397 sibi
201 1361 402 1399 aduorsae.
475 1368 613 1410 postea
659 1369 836 1410 tempore
884 1369 922 1399 et
969 1363 1057 1399 loco
1105 1361 1320 1400 constituto
1368 1362 1407 1399 in
1430 1377 1447 1399 2

82 1424 321 1473 colloquium
352 1424 408 1462 uti
439 1426 488 1463 de
517 1439 614 1474 pace
643 1425 852 1470 ueniretur,
885 1427 1067 1463 Bocchus
1097 1428 1244 1465 Sullam
1273 1428 1405 1474 modo,

82 1490 203 1527 modo
234 1491 444 1539 Iugurthae
475 1492 645 1540 legatum
675 1491 884 1539 appellare,
916 1490 1086 1540 benigne
1115 1492 1270 1538 habere,
1301 1491 1406 1531 idem

80 1554 275 1592 ambobus
305 1554 490 1603 polliceri.
548 1554 601 1591 illi
632 1554 774 1603 pariter
805 1553 896 1592 laeti
934 1567 980 1592 ac
1014 1554 1096 1604 spei
1134 1556 1262 1594 bonae
1301 1557 1405 1605 pleni

81 1631 176 1657 esse.
235 1619 304 1657 sed
325 1627 440 1657 nocte
461 1631 516 1665 ea,
540 1632 638 1668 quae
660 1631 849 1668 proxuma
868 1618 938 1657 fuit
958 1627 1049 1657 ante
1077 1619 1181 1658 diem
1209 1620 1407 1670 colloquio
1427 1629 1448 1665 3

81 1683 295 1729 decretum,
336 1685 508 1728 Maurus,
548 1682 735 1720 adhibitis
773 1682 907 1721 amicis
947 1696 992 1721 ac
1039 1684 1167 1722 statim
1216 1684 1408 1723 inmutata

81 1747 286 1784 uoluntate
318 1747 488 1793 remotis,
524 1747 664 1785 dicitur
695 1761 827 1786 secum
865 1746 948 1797 ipse
986 1750 1150 1787 multum
1188 1749 1406 1799 agitauisse‚

82 1811 191 1848 uoltu
222 1818 260 1849 et
290 1811 414 1848 oculis
442 1811 584 1860 pariter
612 1818 729 1860 atque
763 1811 896 1850 animo
933 1812 1084 1851 uarius:
1122 1826 1222 1862 quae
1261 1813 1408 1852 scilicet

81 1882 237 1912 tacente
258 1874 343 1923 ipso
365 1876 519 1912 occulta
547 1877 716 1924 pectoris
745 1875 986 1925 patefecisse.
1046 1885 1178 1915 tamen
1206 1885 1407 1928 postremo
1425 1887 1450 1920 4

82 1939 227 1977 Sullam
248 1939 392 1976 accersi
413 1938 532 1985 iubet,
556 1948 594 1978 et
614 1953 660 1978 ex
681 1940 782 1978 illius
807 1940 1001 1979 sententia
1023 1942 1221 1979 Numidae
1247 1941 1407 1980 insidias

81 2001 218 2040 tendit.
277 2002 420 2040 deinde
459 2001 525 2041 ubi
572 2003 654 2041 dies
701 2003 875 2050 aduenit,
915 2011 954 2042 et
1000 2003 1035 2042 ei
1083 2005 1303 2043 nuntiatum
1351 2013 1409 2044 est
1428 2017 1448 2055 5

83 2067 310 2116 Iugurtham
349 2068 453 2105 haud
492 2070 628 2117 procul
675 2070 825 2116 abesse,
865 2081 956 2106 cum
1004 2069 1137 2118 paucis
1187 2070 1323 2108 amicis
1370 2078 1408 2109 et

82 2140 288 2181 quaestore
319 2140 451 2171 nostro
483 2133 592 2182 quasi
626 2133 767 2172 obuius
801 2134 962 2172 honoris
997 2148 1114 2172 causa
1152 2136 1331 2184 procedit
1369 2136 1407 2173 in

82 2196 274 2232 tumulum
313 2196 554 2234 facillumum
593 2197 679 2236 uisu
714 2198 999 2237 insidiantibus.
1058 2200 1200 2238 eodem
1237 2201 1451 2240 Numida6

82 2272 171 2296 cum
210 2260 406 2310 plerisque
440 2263 669 2300 necessariis
710 2263 788 2302 suis
828 2263 996 2310 inermis,
1032 2265 1088 2303 uti
1128 2264 1276 2303 dictum
1318 2272 1411 2314 erat,

192 2349 222 2376 S.
1280 2349 1303 2384 6
