1596 2495
203 87 254 123 30
571 73 611 110 C.
655 72 945 110 SALLUSTJ
985 71 1181 109 CRlSl'l

140 197 184 220 10
205 187 404 229 praeterea
450 177 503 215 uti
547 176 686 215 (liebus
733 176 870 214 decem
912 175 1102 214 Numidia
1141 175 1359 213 decederet.
1437 186 1539 222 quae

205 255 445 292 quamquam
472 240 606 291 grauia
629 249 667 279 et
695 240 813 290 flagiti
840 242 958 289 plena
986 246 1106 285 erant,
1129 247 1258 277 tamen
1288 238 1380 288 quia
1406 237 1540 276 mortis

207 314 314 345 metu
345 307 608 352 mutabantur,
641 305 754 343 sicuti
783 304 863 354 regi
893 305 1069 342 lubuerat
1098 316 1177 353 pax
1204 303 1401 341 conuenit.

123 372 183 416 39
286 371 365 409 Sed
391 369 459 409 ubi
487 383 533 408 ea
561 372 716 408 Romae
743 376 947 418 comperta
971 375 1071 414 sunt,
1095 375 1220 406 metus
1248 375 1366 417 atque
1391 380 1541 405 maeror
1594 360 1596 392 ἶ

206 436 406 475 ciuitatem
446 435 634 474 inuasere.
695 448 784 485 pars
824 435 957 473 dolere
996 447 1066 484 pro
1102 434 1224 484 gloria
1261 432 1411 483 imperi,
1451 446 1541 483 pars

207 501 363 540 insolita
408 514 536 539 rerum
584 500 811 539 bellicarum
859 499 995 538 timere
1038 498 1216 545 libertati,
1256 499 1362 537 Aulo
1404 511 1541 536 omnes

208 566 348 614 infesti,
374 580 421 604 ac
447 579 630 604 maxume
657 567 722 615 qui
752 566 857 604 bello
887 577 1006 614 saepe
1033 563 1218 613 praeclari
1244 565 1408 610 fuerant,
1434 563 1542 613 quod

207 640 378 670 armatus
407 633 604 670 dedecore
633 631 763 682 potius
793 644 911 680 quam
942 643 1060 668 manu
1089 631 1254 669 salutem
1282 629 1541 680 quaesiuerat.

168 712 186 735 2
209 698 260 735 ob
288 710 335 735 ea
361 698 499 735 consul
527 696 707 743 Albinus,
730 709 776 735 ex
800 696 946 734 delicto
970 695 1093 733 fratris
1118 695 1307 734 inuidiam
1332 708 1379 733 ac
1399 694 1543 733 deinde

208 761 424 812 periculum
451 762 606 809 timens,
629 770 810 801 senatum
834 763 885 800 de
909 763 1066 800 foedere
1090 762 1333 807 consulebat,
1354 768 1392 799 et
1412 768 1542 798 tamen

208 826 363 865 interim
384 827 570 866 exercitui
591 828 912 877 supplementum
936 827 1116 873 scribere,
1130 827 1181 865 ab
1197 826 1313 866 sociis
1329 834 1367 865 et
1384 825 1542 864 nomine

209 893 352 932 Latino
376 893 519 931 auxilia
546 906 756 940 accersere,
782 893 955 942 denique
982 892 1166 930 omnibus
1193 892 1322 930 modis
1348 890 1541 930 festinare.

168 967 189 1002 3
209 965 366 996 senatus
393 957 447 996 ita
470 958 526 996 uti
552 972 621 1008 par
647 959 770 996 fuerat
794 957 981 1004 decernit,
1004 971 1076 996 suo
1101 965 1218 1007 atque
1239 957 1374 1007 populi
1395 955 1543 995 iniussu

169 1035 191 1068 4
210 1025 358 1061 nullum
391 1023 567 1072 potuisse
596 1025 735 1062 foedus
767 1023 859 1062 fieri.
918 1024 1058 1062 consul
1091 1023 1291 1073 inpeditus
1324 1037 1347 1061 a
1380 1021 1544 1061 tribunis

209 1088 346 1139 plebis,
382 1102 432 1127 ne
471 1102 567 1138 quas
606 1097 810 1138 parauerat
849 1089 984 1138 copias
1024 1101 1158 1127 secum
1192 1096 1375 1139 portaret,
1411 1087 1544 1138 paucis

210 1154 349 1193 diebus
381 1152 421 1192 in
453 1154 624 1192 Africam
657 1153 914 1204 proficiscitur
949 1155 1056 1205 (nam
1091 1154 1220 1192 omnis
1255 1154 1455 1200 exercitus,
1488 1153 1545 1191 uti

210 1227 462 1266 conuenerat,
504 1219 696 1258 Numidia
742 1220 938 1258 deductus
985 1220 1023 1257 in
1068 1219 1272 1270 prouincia
1316 1219 1542 1269 hiemabat).

170 1302 188 1339 5
210 1293 422 1335 postquam
467 1298 516 1324 eo
561 1286 680 1332 uenit,
722 1298 961 1334 quamquam
1006 1285 1188 1334 persequi
1234 1286 1463 1335 Iugurtham
1507 1292 1547 1323 et

211 1351 360 1389 mederi
386 1352 580 1389 fraternae
607 1349 780 1388 inuidiae
807 1349 939 1388 animo
965 1350 1138 1396 ardebat,
1161 1349 1327 1399 cognitis
1347 1349 1545 1397 militibus,

211 1425 310 1466 quos
340 1423 493 1466 praeter
523 1417 653 1465 fugam
685 1417 815 1454 soluto
846 1415 1011 1465 imperio
1045 1416 1203 1455 licentia
1235 1424 1352 1466 atque
1385 1415 1547 1454 lasciuia

212 1488 458 1531 conruperat,
496 1495 543 1520 ex
579 1481 694 1530 copia
732 1494 859 1519 rerum
898 1481 1033 1520 statuit
1067 1481 1140 1520 sibi
1174 1481 1271 1519 nihil
1305 1480 1543 1531 agitandum.

131 1544 192 1588 40
211 1544 365 1583 interim
412 1546 564 1582 Romae
607 1545 651 1583 C.
695 1543 897 1582 Mamilius
938 1544 1166 1583 Limetanus
1204 1544 1381 1583 tribunus
1420 1545 1546 1594 plebis

211 1608 457 1659 rogationem
484 1610 536 1648 ad
563 1611 756 1660 populum
780 1611 1015 1660 promulgat,
1041 1610 1096 1648 uti
1123 1618 1372 1660 quaereretur
1398 1610 1438 1648 in
1465 1624 1544 1657 eOS,

212 1688 378 1725 quorum
404 1674 568 1713 consilio
594 1676 786 1724 Iugurtha
810 1675 934 1713 senati
956 1677 1114 1714 decreta
1133 1676 1379 1726 neglegisset‚
1401 1675 1547 1725 quique

212 1742 262 1778 ab
290 1753 337 1778 eo
364 1740 404 1777 in
428 1739 691 1789 legationibus
718 1747 786 1778 aut
805 1740 976 1790 imperiis
996 1741 1182 1790 pecunias
1203 1743 1460 1791 accepissent,
1481 1741 1548 1790 qui

213 1806 447 1855 elephantos
477 1804 624 1854 quique
654 1806 834 1855 perfugas
864 1805 1127 1850 tradidissent,
1156 1807 1248 1845 item
1280 1806 1347 1856 qui
1374 1806 1424 1844 de
1450 1819 1548 1856 pace

174 1884 192 1907 2
214 1877 279 1908 aut
304 1871 408 1908 bello
432 1883 523 1908 cum
549 1869 728 1907 hostibus
756 1871 961 1919 pactiones
984 1871 1179 1910 fecissent.
1238 1871 1330 1910 huic
1356 1871 1548 1922 rogationi

215 1934 356 1983 partim
385 1934 534 1972 conscii
565 1933 649 1982 sibi,
680 1934 745 1972 alii
776 1948 824 1973 ex
852 1936 1022 1985 partium
1051 1936 1200 1975 inuidia
1228 1936 1400 1985 pericula
1428 1944 1549 1975 metu-

214 2007 337 2046 entes,
379 1997 567 2047 quoniam
606 2006 740 2048 aperte
778 1999 956 2039 resistere
995 2013 1076 2039 non
1113 2008 1305 2051 poterant,
1346 2000 1441 2050 quin
1484 2001 1549 2039 illa

214 2070 253 2101 et
281 2062 356 2100 alia
385 2063 476 2101 talia
505 2064 662 2112 placere
691 2063 766 2101 sibi
795 2065 1018 2111 faterentur,
1047 2066 1201 2103 occulte
1230 2077 1300 2114 per
1325 2064 1473 2103 amicos
1499 2079 1546 2104 ac

215 2141 397 2166 maxume
436 2141 505 2177 per
542 2127 723 2166 homines
762 2129 932 2167 nominis
972 2129 1102 2168 Latini
1142 2137 1179 2167 et
1217 2131 1345 2169 socios
1385 2130 1571 2169 Italicos<

174 2192 485 2245 3inpedimenta
518 2195 720 2243 parabant.
777 2195 848 2232 sed
886 2195 1022 2243 plebes
1060 2194 1289 2233 incredibile
1326 2202 1544 2233 memoratu

216 2266 273 2296 est
308 2271 426 2307 quam
457 2258 607 2296 intenta
635 2258 748 2296 fuerit
778 2266 1005 2308 quantaque
1034 2259 1073 2297 ui
1107 2259 1348 2309 rogationem
1383 2260 1546 2307 iusserit,
