1596 2495
157 117 205 162 78
522 117 561 155 C.
605 118 901 156 SALLUSTJ
938 120 1138 158 CRISPJ

111 234 134 266 4
155 225 243 267 post
275 219 392 267 paulo
422 219 562 256 morbo
593 218 817 258 interiturae
848 219 952 259 uitae
986 229 1171 270 parceret.
1230 229 1402 260 ceterum
1439 223 1488 260 al)

155 285 297 321 eodem
343 284 516 322 monitus
559 285 614 323 uti
656 293 776 323 noctu
818 285 1137 335 proficisceretur,
1178 287 1385 325 consilium
1425 288 1490 324 ad-

156 350 295 397 probat
322 361 367 386 ac
394 348 525 386 statim
554 349 695 387 milites
719 357 880 388 cenatos
907 363 1004 398 esse,
1027 351 1065 388 in
1090 352 1224 389 castris
1250 351 1349 400 ignis
1370 364 1488 401 quam

155 414 423 451 creberrumos
456 413 548 459 fieri,
581 415 673 452 dein
705 414 832 464 prima
863 414 995 464 uigilia
1023 415 1178 454 silentio
1208 416 1340 466 egredi
1369 416 1486 455 iubet.

113 488 132 526 5
156 477 312 526 iamque
342 486 534 516 nocturno
565 478 700 517 itinere
731 481 840 518 fessis
869 481 1053 519 omnibus
1083 482 1191 520 Sulla
1224 481 1368 531 pariter
1399 494 1490 519 cum

157 550 242 581 ortu
278 544 369 581 solis
403 552 529 582 castra
563 546 794 592 metabatur,
832 558 921 583 curn
957 545 1109 595 equites
1146 546 1275 584 Mauri
1309 546 1491 585 nuntiant

159 609 387 657 Iugurtham
418 609 568 648 circiter
597 611 718 648 duum
751 610 902 648 milium
933 610 1140 649 interuallo
1175 618 1265 650 ante
1299 625 1367 650 eos
1401 625 1493 650 con-

114 674 315 716 6sedisse.
375 676 482 724 quod
522 684 731 725 postquam
771 676 947 714 auditum
988 684 1058 723 est,
1100 684 1183 714 tum
1223 690 1317 715 uero
1355 676 1492 726 ingens

159 748 285 778 metus
307 748 460 779 nostros
482 741 656 780 inuadit:
687 742 847 780 credere
868 754 908 779 se
929 741 1107 791 proditos
1127 756 1149 779 a
1170 743 1322 780 Voluce
1343 750 1382 781 et
1405 741 1493 780 insi-

159 805 232 844 diis
249 806 550 845 circumuentos.
593 820 637 844 ac
654 808 759 845 suere
777 807 843 856 qui
864 806 1039 846 dicerent
1060 821 1179 845 manu
1195 807 1489 855 uindicandum,

159 884 288 920 neque
327 873 434 921 apud
474 871 579 909 illum
621 880 772 909 tantum
807 873 933 910 scelus
971 873 1136 911 inultum
1176 873 1491 922 relinquendum.

49 941 137 985 107
159 946 197 975 at
227 938 344 982 Sulla,
374 950 613 986 quamquam
646 938 783 975 eadem
816 939 1088 984 existumabat,
1118 947 1250 976 tamen
1278 939 1327 977 ab
1354 937 1495 977 iniuria

162 1004 343 1040 Maurum
373 1002 564 1052 prohibet,
596 1016 686 1041 suos
720 1003 896 1041 hortatur
926 1003 981 1041 uti
1012 1004 1153 1041 fortem
1185 1003 1358 1041 animum
1390 1016 1494 1053 gere-

159 1075 269 1105 rent:
299 1080 417 1116 saepe
441 1075 557 1105 antea
578 1081 603 1104 a
627 1068 763 1117 paucis
784 1067 948 1106 strenuis
969 1069 1179 1106 aduorsum
1201 1067 1491 1106 multitudinem

161 1134 262 1172 bene
287 1141 529 1183 pugnatum:
560 1142 707 1182 quanto
734 1133 807 1171 sibi
831 1133 870 1171 in
892 1133 1042 1183 proelio
1063 1135 1190 1172 minus
1211 1133 1491 1183 pepercissent,

161 1205 270 1236 tanto
316 1197 477 1236 tutiores
523 1198 614 1244 fore,
655 1211 730 1236 nec
773 1211 1013 1248 quemquam
1058 1199 1210 1245 decere,
1249 1198 1317 1248 qui
1355 1212 1494 1237 manus

161 1263 380 1310 armauerst,
401 1265 451 1302 ab
479 1262 637 1302 inermis
664 1264 834 1313 pedibus
858 1264 1042 1302 auxilium
1070 1271 1214 1313 petere,
1240 1263 1280 1301 in
1308 1277 1493 1302 maxumo

121 1345 139 1368 2
161 1337 269 1366 metu
309 1328 459 1366 nudum
494 1335 532 1366 et
567 1341 727 1366 caecum
760 1342 902 1378 corpus
935 1329 987 1367 ad
1021 1328 1143 1367 hostis
1178 1337 1342 1368 uortere.
1401 1328 1493 1367 dein

161 1395 366 1442 Volucem,
398 1393 586 1444 quoniam
618 1394 774 1432 hostilia
805 1395 960 1442 faceret,
994 1396 1133 1432 Iouem
1167 1408 1394 1433 maxumum
1428 1396 1495 1433 ob-

162 1467 336 1507 testatus,
361 1467 402 1498 ut
423 1459 578 1498 sceleris
599 1467 717 1509 atque
739 1460 926 1509 perfidiae
949 1460 1096 1498 Bocchi
1125 1460 1233 1498 testis
1259 1460 1425 1506 adesset,
1448 1473 1495 1498 ex

120 1539 141 1575 3
161 1524 296 1563 castris
329 1526 436 1564 abire
470 1525 589 1564 iubet.
648 1525 712 1563 ille
747 1526 966 1563 lacrumans
999 1539 1107 1563 orare
1138 1538 1188 1563 ne
1218 1539 1265 1564 ea
1295 1526 1494 1563 crederet:

162 1589 259 1628 nihil
304 1591 397 1628 dolo
441 1591 600 1637 facturn,
647 1603 692 1627 ac
739 1589 861 1638 magis
907 1590 1121 1629 calliditate
1168 1590 1392 1640 Iugurthae,
1432 1589 1494 1627 cui

120 1655 345 1704 4uidelicet
384 1655 603 1705 speculanti
641 1655 713 1694 iter
750 1669 861 1693 suum
902 1655 1101 1705 cognitum
1137 1662 1249 1694 esset.
1307 1662 1492 1701 ceterum,

163 1720 350 1770 quoniam
390 1733 519 1770 neque
558 1720 755 1769 ingentem
794 1720 1085 1758 multitudinem
1127 1721 1300 1766 haberet,
1336 1729 1374 1758 et
1407 1733 1495 1769 spes

163 1799 338 1837 opesque
369 1785 451 1824 eius
486 1799 532 1824 ex
565 1793 675 1835 patre
706 1798 777 1823 suo
807 1786 1037 1835 penderent,
1071 1786 1228 1823 credere
1259 1785 1367 1823 illum
1400 1785 1495 1822 nihil

122 1862 141 1900 5
164 1853 294 1902 palam
324 1864 520 1897 ausurum,
552 1863 642 1889 cum
672 1851 756 1900 ipse
785 1851 884 1888 filius
913 1850 1021 1888 testis
1050 1850 1228 1889 adesset:
1258 1863 1336 1899 qua
1361 1863 1401 1888 re
1428 1862 1496 1899 op-

164 1923 316 1953 tumum
346 1915 451 1952 factu
483 1914 605 1952 uideri
635 1927 705 1963 per
731 1913 862 1952 media
889 1913 972 1952 eius
1000 1922 1123 1952 castra
1150 1915 1279 1962 palam
1307 1913 1495 1952 transire:

165 1994 260 2026 sese,
284 1981 346 2018 uel
374 1978 597 2028 praemissis
624 1980 687 2017 uel
715 1978 865 2017 ibidem
892 1979 1034 2017 relictis
1063 1978 1222 2024 Mauris,
1251 1979 1378 2016 solum
1405 1991 1494 2016 cum

123 2050 145 2086 6
165 2047 271 2084 Sulla
296 2044 450 2084 iturum.
510 2057 556 2082 ea
579 2057 638 2081 res
660 2043 713 2081 uti
735 2043 774 2080 in
797 2044 862 2081 tali
885 2043 1044 2092 negotio
1065 2044 1241 2092 probata.
1299 2055 1346 2080 ac
1366 2042 1496 2080 statim

166 2109 340 2158 profecti,
372 2109 465 2159 quia
497 2110 547 2147 de
578 2108 781 2157 inprouiso
810 2109 1046 2153 acciderant,
1078 2109 1200 2146 dubio
1229 2115 1347 2157 atque
1376 2107 1497 2145 haesi·
1542 2160 1544 2163 Ι

125 2190 143 2227 7
166 2181 273 2212 tante
301 2175 488 2223 Iugurtha
515 2174 732 2212 incolumes
760 2180 976 2212 transeunt.
1035 2173 1180 2211 deinde
1200 2170 1335 2222 paucis
1356 2173 1496 2210 diebus

166 2252 246 2288 quo
265 2239 319 2277 ire
338 2238 588 2276 intenderant
609 2246 841 2287 peruentum
863 2246 932 2276 est.

57 2306 146 2350 108
248 2304 310 2342 Ibi
334 2317 423 2342 cum
446 2304 606 2342 Boccho
629 2304 801 2341 Numida
821 2303 981 2353 quidam
1002 2305 1128 2353 Aspar
1148 2301 1308 2340 nomine
1329 2302 1493 2340 multum
