1596 2495
435 76 524 112 DE
560 75 760 112 BELLO
796 74 1196 112 IUGURTHINO
1429 83 1479 120 59

151 178 279 216 studia
309 179 415 228 uolgi
446 179 667 216 amissurus.
725 179 793 216 sed
825 190 870 215 ea
900 190 960 214 res
991 178 1129 214 frustra
1159 184 1334 225 sperata:
1373 182 1481 212 tanta

150 243 286 281 lubido
311 257 400 281 cum
430 243 556 281 Mario
580 243 699 281 eundi
726 244 935 291 plerosque
959 242 1176 280 inuaserat:
1207 254 1291 279 sese
1315 239 1479 290 quisque
1500 252 1521 284 4

150 308 295 357 praeda
326 308 562 357 locupletem
598 308 689 353 fore,
724 307 913 345 uictorem
947 307 1112 344 domum
1146 305 1371 351 rediturum,
1405 304 1480 341 alia

150 372 419 410 huiuscemodi
447 371 586 409 animis
613 373 832 417 trahebant,
855 378 893 410 et
920 384 988 410 eos
1015 383 1095 409 non
1120 371 1282 419 paulum
1305 369 1480 407 oratione

151 451 219 474 sua
240 437 388 475 Marius
408 438 620 476 adrexerat.
671 450 763 474 nam
784 444 1006 486 postquam,
1024 435 1209 473 omnibus
1231 447 1333 484 quae
1349 441 1480 483 postu-
1501 442 1520 480 5

151 504 297 540 lauerat
320 502 498 547 decretis,
524 501 667 539 milites
694 501 862 539 scribere
888 502 980 545 uolt,
1003 499 1185 538 hortandi
1212 511 1341 544 causa,
1368 497 1482 535 simul

151 574 189 603 et
212 566 456 604 nobilitatem
482 566 536 604 uti
560 574 817 604 consueuerat
839 564 1072 615 exagitandi,
1094 563 1324 603 contionem
1345 561 1483 612 populi

150 632 370 668 aduocauit.
429 631 572 669 deinde
592 632 670 668 hoc
689 631 811 668 modo
832 630 1023 669 disseruit.

233 695 345 734 ‘Scio
372 709 456 745 ego,
480 695 664 744 QuiriteS,
686 697 892 745 plerosque
919 708 997 732 non
1024 695 1173 733 eisdem
1197 694 1344 732 artibus
1363 693 1482 742 impe·
1501 690 1560 733 85

150 761 248 798 rium
269 774 292 798 a
310 761 423 799 uobis
443 768 578 809 petere
598 769 647 807 et,
670 768 881 810 postquam
902 759 1037 809 adepti
1058 766 1158 804 sunt,
1179 771 1334 808 gerere:
1356 759 1481 807 primo

151 827 371 872 industrios,
404 825 613 875 supplices,
646 825 825 863 modicos
860 838 954 869 esse,
988 823 1081 862 dein
1116 837 1185 873 per
1218 823 1412 873 ignauiam
1445 830 1482 859 et

151 891 374 940 superbiam
412 897 580 928 aetatem
619 903 741 939 agere.
820 891 890 928 sed
928 889 1022 927 mihi
1060 896 1195 927 contra
1233 902 1278 927 ea
1316 888 1479 926 uidetur.

153 968 243 992 nam
272 967 350 1003 quo
379 953 499 1003 pluris
528 961 586 991 est
616 953 801 992 uniuorsa
828 966 889 992 res
918 953 1078 1003 publica
1107 967 1226 1003 quam
1255 954 1482 991 consulatus
1505 965 1522 988 2

151 1027 218 1057 aut
243 1028 433 1069 praetura,
455 1032 503 1056 eo
531 1019 678 1057 maiore
705 1032 796 1057 cura
822 1020 927 1056 illam
956 1018 1215 1057 administrari
1240 1032 1357 1068 quam
1386 1019 1483 1056 haec

153 1085 234 1133 peti
278 1086 432 1123 debere.
511 1096 640 1132 neque
679 1096 742 1122 me
787 1083 894 1131 fallit,
935 1091 1127 1133 quantum
1165 1096 1256 1122 cum
1296 1096 1482 1121 maxumo
1501 1095 1523 1130 3

153 1150 335 1187 benificio
376 1158 510 1187 uostro
549 1149 682 1198 negoti
720 1148 945 1187 sustineam.
1008 1150 1155 1187 bellum
1195 1162 1330 1198 parare
1369 1148 1484 1186 simul

153 1223 190 1251 et
233 1213 380 1251 aerario
425 1225 595 1261 parcere,
636 1225 776 1262 cogere
819 1214 871 1251 ad
915 1212 1092 1250 militiam
1139 1226 1205 1251 eos
1244 1226 1342 1262 quos
1382 1213 1482 1251 nolis

152 1280 361 1324 offendere,
393 1277 502 1315 domi
535 1278 708 1327 forisque
740 1277 874 1316 omnia
907 1291 1052 1323 curare,
1084 1285 1121 1316 et
1155 1291 1202 1316 ea
1236 1291 1349 1327 agere
1382 1277 1483 1316 inter

153 1344 319 1391 inuidos,
352 1343 604 1388 occursantis,
638 1343 834 1388 factiosos,
863 1342 1061 1392 opinione,
1094 1342 1277 1392 Quirites,
1307 1342 1482 1391 asperius

153 1418 221 1448 est.
278 1410 329 1447 ad
366 1410 453 1455 hoc,
489 1408 553 1446 alii
591 1409 623 1446 si
660 1409 870 1457 deliquere,
908 1416 1020 1445 uetus
1059 1408 1254 1453 nobilitas,
1290 1408 1525 1453 maiorum4

154 1473 266 1512 fortia
284 1474 396 1519 facta,
419 1480 675 1523 cognatorum
696 1480 735 1510 et
755 1471 944 1509 adfinium
966 1484 1074 1520 opes,
1098 1473 1244 1510 multae
1265 1473 1481 1519 clientelae,

153 1538 285 1577 omnia
310 1539 408 1576 haec
434 1537 630 1586 praesidio
657 1538 822 1574 adsunt:
857 1536 952 1573 mihi
983 1549 1071 1585 spes
1101 1549 1240 1574 omnes
1269 1536 1309 1574 in
1336 1546 1482 1575 memet

153 1607 259 1652 sitae,
293 1617 389 1653 quas
421 1616 580 1642 necesse
614 1613 671 1641 est
703 1603 846 1641 uirtute
876 1610 914 1640 et
948 1601 1175 1640 innocentia
1205 1602 1330 1640 tutari.
1390 1616 1479 1640 nam

153 1671 228 1708 alia
252 1670 403 1707 infirma
430 1677 530 1706 sunt.
590 1677 629 1707 et
657 1669 752 1706 illud
780 1668 977 1717 intellego,
1005 1666 1187 1715 Quirites,
1211 1667 1388 1705 omnium
1416 1681 1482 1707 ora
1505 1680 1522 1715 5

154 1736 193 1773 in
219 1747 281 1772 me
308 1746 502 1771 conuorsa
528 1746 624 1779 esse,
647 1745 796 1782 aequos
822 1734 1032 1781 bonosque
1058 1732 1200 1777 fauere,
1223 1731 1372 1781 quippe
1396 1747 1483 1771 mea

154 1799 254 1836 bene
281 1798 384 1833 facta
409 1795 463 1833 rei
489 1795 671 1844 publicae
697 1796 930 1845 procedunt,
952 1794 1198 1833 nobilitatem
1225 1796 1355 1833 locum
1376 1797 1483 1835 inua-

153 1862 277 1901 dundi
301 1874 496 1910 quaerere.
555 1874 635 1910 quo
656 1861 750 1898 mihi
770 1860 896 1898 acrius
916 1860 1178 1898 adnitundum
1199 1868 1258 1898 est
1278 1861 1333 1899 uti
1354 1874 1483 1911 neque
1503 1867 1524 1901 6

154 1940 225 1964 uos
263 1926 474 1976 capiamini
513 1934 551 1964 et
589 1925 643 1963 illi
680 1926 817 1963 frustra
855 1925 943 1963 sint.
1000 1925 1055 1963 ita
1093 1926 1142 1963 ad
1181 1927 1256 1964 hoc
1290 1927 1427 1965 aetatis
1460 1942 1524 1979 a7

154 1991 319 2041 pueritia
343 1991 407 2036 fui,
430 1990 486 2028 uti
512 1989 642 2028 omnis
666 1990 819 2028 labores
839 1998 878 2028 et
897 1991 1072 2040 pericula
1091 1997 1282 2028 consueta
1301 1991 1480 2032 habeam.

155 2070 255 2106 quae
281 2064 371 2094 ante
393 2063 525 2094 uostra
552 2054 732 2093 benificia
757 2054 924 2104 gratuito
951 2054 1156 2101 faciebam,
1179 2068 1224 2093 ea
1244 2056 1300 2093 uti
1319 2065 1483 2106 accepta
1503 2058 1524 2092 8

155 2123 336 2160 mercede
362 2122 539 2159 deseram
567 2133 647 2159 non
668 2127 727 2158 est
746 2119 966 2166 consilium,
990 2120 1172 2168 Quirites.
1232 2120 1303 2158 illis
1325 2122 1482 2160 difficile
1501 2137 1523 2172 9

155 2194 212 2223 est
250 2184 289 2222 in
327 2184 586 2234 potestatibus
623 2192 854 2233 temperare,
890 2184 955 2234 qui
993 2197 1062 2234 per
1099 2184 1358 2223 ambitionem
1397 2199 1481 2223 sese

155 2249 301 2298 probos
330 2248 582 2296 simulauere3
622 2249 726 2294 mihi,
759 2250 824 2298 qui
855 2261 1013 2286 omnem
1043 2256 1211 2286 aetatem
1241 2249 1279 2286 in
1311 2251 1481 2298 optumis
