1596 2495
391 66 477 102 DE
513 65 712 102 BELLO
748 66 1146 104 JUGURTHJNO
1390 75 1436 112 27

105 182 223 218 quem
269 169 439 218 pecunia
483 174 721 217 conruptum
760 181 877 218 supra
915 167 1098 213 diximus,
1139 181 1270 217 regem
1309 175 1438 206 tacere

106 233 226 280 iubet,
275 246 320 271 ac
367 232 521 271 tametsi
569 233 792 277 multitudo,
835 246 936 283 quae
978 232 1018 271 in
1061 233 1247 271 contione
1291 233 1435 279 aderat,

106 301 359 339 uehementer
396 312 566 338 accensa
603 300 773 338 terrebat
808 313 896 338 eum
936 301 1119 347 clamore,
1155 301 1278 348 uoltu,
1320 312 1437 349 saepe

106 365 242 415 inpetu
261 372 378 414 atque
398 364 483 402 aliis
510 362 694 403 omnibus
721 377 822 414 quae
848 363 905 402 ira
930 364 1012 402 fieri
1038 372 1154 411 amat,
1183 363 1277 402 uicit
1304 371 1437 402 tamen

106 430 347 479 inpudentia.
417 428 471 468 ita
517 430 689 479 populus
736 428 906 468 ludibrio
953 429 1109 467 habitus
1157 442 1205 467 ex
1250 429 1437 467 contione
1459 445 1477 469 2

106 494 284 540 discedit,
309 494 520 543 Iugurthae
542 492 777 542 Bestiaeque
801 501 840 532 et
866 492 1015 539 ceteris,
1043 505 1141 542 quos
1168 492 1234 530 illa
1260 491 1437 542 quaestio

107 559 338 609 exagitabat,
360 558 480 597 animi
501 565 726 609 augescunt.
1129 547 1132 550 ⁴

189 628 282 664 Erat
320 638 368 664 ea
405 631 639 674 tempestate
678 625 832 662 Romae
868 622 1043 661 Numida
1077 623 1239 673 quidam
1279 622 1439 661 nomine
1460 622 1519 666 35

109 692 294 736 Massiua,
334 691 527 729 Gulussae
564 689 676 736 filius,
718 687 954 727 Masinissae
992 701 1127 739 nepos,
1165 689 1243 739 qui,
1275 691 1368 739 quia
1400 690 1439 727 in

108 755 351 795 dissensione
380 769 514 805 regum
545 755 756 805 Iugurthae
785 755 975 793 aduorsus
1003 755 1137 801 fuerat,
1169 755 1304 794 dedita
1332 755 1441 795 Cirta

109 829 147 860 et
174 822 400 859 Adherbale
430 820 635 859 interfecto
670 821 854 870 profugus
889 833 938 858 ex
970 819 1095 870 patria
1131 820 1289 858 abierat.
1349 820 1440 858 huic
1462 836 1481 859 2

110 888 173 935 Sp.
214 885 393 932 Albinus,
432 875 499 935 qui
538 898 731 935 proxumo
769 897 874 922 anno
913 891 1004 934 post
1042 885 1214 923 Bestiam
1253 898 1343 923 cum
1390 886 1437 934 Q.

113 951 290 989 Minucio
321 951 425 988 Rufo
456 951 705 988 consulatum
731 950 903 999 gerebat,
931 950 1150 999 persuadet,
1179 950 1367 1000 quoniam
1394 964 1442 989 ex

110 1017 229 1067 stirpe
251 1016 484 1055 Masinissae
505 1015 565 1063 sit,
589 1016 898 1066 Iugurthamque
925 1016 977 1053 ob
1005 1016 1151 1053 scelera
1176 1015 1324 1054 inuidia
1350 1029 1440 1054 cum

110 1091 218 1121 metu
247 1090 393 1132 urgeat,
423 1095 585 1132 regnum
622 1080 836 1119 Numidiae
869 1081 919 1119 ab
953 1088 1092 1119 senatu
1126 1088 1242 1130 petat.
1302 1082 1442 1120 auidus
1463 1098 1483 1134 3

110 1150 247 1188 consul
267 1149 358 1187 belli
378 1147 543 1198 gerundi
563 1160 723 1186 mouere
744 1160 862 1197 quam
884 1159 1088 1186 senescere
1108 1147 1243 1185 omnia
1258 1149 1439 1186 malebat.

111 1213 186 1263 ipsi
231 1212 433 1262 prouincia
481 1211 682 1258 Numidia,
734 1211 914 1250 Minucio
959 1211 1199 1251 Macedonia
1244 1221 1439 1251 euenerat.
1463 1224 1485 1257 4

111 1291 212 1328 quae
238 1286 448 1328 postquam
478 1278 654 1315 Massiua
681 1278 824 1327 agitare
851 1277 993 1327 coepit,
1021 1290 1152 1327 neque
1173 1279 1383 1328 Iugurthae
1403 1278 1442 1316 in

111 1343 246 1382 amicis
280 1343 372 1381 satis
407 1342 575 1393 praesidi
609 1350 677 1390 est,
714 1344 824 1392 quod
859 1355 993 1381 eorum
1027 1343 1146 1381 alium
1187 1343 1440 1390 conscientia,

113 1411 231 1447 alium
260 1410 363 1447 mala
391 1410 496 1447 fama
525 1417 564 1447 et
592 1410 709 1447 timor
739 1408 977 1458 inpediebat,
1012 1409 1222 1448 Bomilcari
1252 1423 1443 1459 proxumo

113 1488 158 1513 ac
178 1487 360 1513 maxume
381 1474 460 1512 fido
481 1473 555 1511 sibi
574 1473 751 1523 imperat,
773 1473 910 1523 pretio,
933 1473 1045 1512 sicuti
1067 1475 1189 1512 multa
1209 1475 1442 1521 confecerat,

112 1540 359 1578 insidiatores
400 1538 600 1577 Massiuae
640 1545 759 1588 paret,
799 1551 846 1577 ac
884 1551 1066 1577 maxume
1104 1541 1270 1585 occulte,
1311 1539 1370 1578 sin
1403 1538 1443 1578 id

114 1618 250 1654 parum
285 1604 485 1654 procedat,
517 1603 656 1653 quouis
686 1604 819 1650 modo,
851 1603 1068 1642 Numidam
1097 1603 1313 1643 interficiat.
1373 1607 1444 1642 Bo·
1463 1616 1483 1653 5

114 1670 248 1708 milcar
266 1677 418 1708 mature
437 1669 538 1718 regis
558 1670 745 1707 mandata
764 1669 970 1719 exequitur
990 1677 1028 1709 et
1054 1683 1124 1720 per
1149 1671 1330 1710 homines
1357 1671 1443 1710 talis

114 1734 246 1785 negoti
284 1734 451 1773 artifices
495 1734 635 1772 itinera
673 1747 930 1784 egressusque
975 1735 1069 1782 eius,
1114 1742 1315 1785 postremo
1359 1738 1445 1774 loca

114 1808 232 1848 atque
252 1807 433 1849 tempora
452 1806 594 1837 cuncta
616 1800 799 1848 explorat.
860 1799 1016 1845 deinde,
1038 1800 1106 1839 ubi
1126 1814 1186 1839 res
1206 1802 1442 1850 postulabat,

114 1864 274 1902 insidias
295 1863 432 1902 tendit.
491 1864 605 1913 igitur
627 1876 728 1901 unus
756 1877 804 1902 ex
829 1877 878 1903 eo
905 1878 1080 1912 numero,
1110 1865 1177 1915 qui
1204 1867 1255 1904 ad
1281 1868 1444 1905 caedem
1466 1876 1487 1910 6

115 1928 239 1978 parati
263 1936 382 1976 erant,
404 1929 523 1978 paulo
543 1928 803 1966 inconsultius
826 1929 1043 1967 Massiuam
1063 1929 1306 1980 aggreditur:
1336 1930 1444 1969 illum

115 1995 335 2038 obtruncat,
366 1994 441 2031 sed
465 1992 550 2042 ipse
579 1992 858 2041 deprehensus,
888 1993 1020 2031 multis
1053 1994 1299 2033 hortantibus
1333 2003 1371 2033 et
1404 1995 1444 2033 in

115 2056 248 2107 primis
274 2057 422 2096 Albino
449 2058 622 2103 consule,
650 2057 837 2096 indicium
866 2060 1076 2107 profitetur.
1137 2061 1179 2098 fit
1205 2073 1293 2098 reus
1321 2060 1444 2110 magis
1468 2072 1486 2110 7

117 2135 165 2160 ex
183 2135 312 2172 aequo
333 2122 520 2171 bonoque
546 2135 664 2171 quam
693 2136 741 2160 ex
766 2122 848 2160 iure
873 2123 1047 2172 gentium
1076 2124 1283 2172 Bomilcar,
1313 2137 1447 2163 comes

117 2187 198 2225 eius
227 2187 293 2237 qui
321 2189 491 2225 Romam
519 2188 596 2225 fide
623 2186 780 2236 publica
806 2195 976 2225 uenerat.
1035 2195 1073 2226 at
1102 2190 1291 2238 Iugurtha
1316 2202 1444 2226 manu·
1467 2186 1489 2221 8

117 2253 238 2289 festus
272 2252 368 2290 tanti
402 2251 556 2291 sceleris
590 2265 671 2290 non
706 2252 811 2301 prius
847 2252 977 2289 omisit
1016 2261 1151 2290 contra
1190 2267 1323 2291 uerum
1364 2254 1446 2300 niti,
