1596 2495
414 114 501 150 DE
529 114 723 151 BELLO
750 112 1146 150 IUGURTHINO
1412 122 1433 156 3

119 216 240 264 magis
268 215 404 253 merito
425 227 542 263 quam
570 214 726 263 ignauia
745 213 933 251 iudicium
959 213 1079 251 animi
1106 212 1183 250 mei
1210 212 1433 257 mutauisse‚

119 278 319 328 maiusque
338 278 591 317 commodum
613 290 660 316 ex
675 277 756 316 otio
777 290 866 316 meo
882 290 1000 327 quam
1021 290 1068 315 ex
1087 276 1251 314 aliorum
1271 275 1436 326 negotiis

119 343 173 381 rei
202 342 381 392 publicae
410 350 628 380 uenturum.
685 355 775 395 nam
810 355 929 392 saepe
957 354 1030 391 ego
1059 341 1191 380 audiui
1221 342 1269 390 Q.
1303 343 1437 379 Maxu·
1457 358 1476 396 5

122 420 241 451 mum,
272 408 311 444 P.
343 406 581 456 Scipionem,
610 413 811 455 praeterea
839 405 1007 444 ciuitatis
1036 414 1190 444 nostrae
1219 407 1437 454 praeclaros

120 472 222 510 uiros
250 470 384 510 solitos
407 470 460 508 ita
480 470 629 509 dicere:
659 484 748 508 cum
769 470 957 508 maiorum
977 469 1165 519 imagines
1185 470 1436 517 intuerentur,

121 534 476 574 uehementissume
497 534 571 573 sibi
590 533 763 572 animum
783 535 835 572 ad
857 534 1038 572 uirtutem
1059 534 1232 573 accendi.
1291 534 1437 573 scilicet
1458 541 1480 575 6

119 613 199 638 non
219 612 347 638 ceram
368 599 472 637 illam
499 611 627 648 neque
650 600 808 648 figuram
830 606 978 637 tantam
1006 598 1084 636 uim
1114 598 1152 636 in
1178 611 1263 637 sese
1281 599 1435 647 habere,

121 665 189 702 sed
209 664 398 702 memoria
417 676 541 701 rerum
561 671 755 713 gestarum
775 676 862 702 eam
886 663 1084 700 flammam
1106 663 1266 712 egregiis
1287 664 1378 702 uiris
1397 664 1437 702 in

121 736 281 777 pectore
314 741 498 774 crescere,
535 740 663 777 neque
696 726 802 777 prius
833 728 971 775 sedari,
1006 741 1121 777 quam
1153 727 1274 766 uirtus
1304 741 1437 766 eorum

121 794 266 829 famam
305 799 422 840 atque
459 790 621 840 gloriam
659 791 946 839 adaequauerit.
1009 799 1048 829 at
1086 799 1221 829 contra
1257 791 1343 841 quis
1381 800 1478 837 est7

121 857 297 895 omnium
321 855 381 893 his
411 856 594 901 moribus,
624 855 716 904 quin
747 854 892 893 diuitiis
921 863 959 894 et
988 855 1218 905 sumptibus,
1247 869 1326 894 non
1355 870 1438 906 pro-

123 919 242 958 bitate
259 932 386 969 neque
407 919 596 957 industria
616 932 705 956 cum
722 918 933 958 maioribus
953 919 1032 957 suis
1052 921 1295 958 contendat?
1322 920 1439 959 etiam

123 984 301 1022 homines
317 983 422 1031 noui,
442 983 509 1033 qui
525 991 642 1022 antea
656 997 725 1033 per
745 983 927 1023 uirtutem
943 985 1045 1022 soliti
1066 993 1175 1023 erant
1196 984 1439 1023 nobilitatem

123 1046 359 1093 anteuenire‚
377 1046 506 1084 furtim
528 1054 566 1085 et
586 1060 654 1096 per
669 1047 870 1086 latrocinia
887 1047 1016 1097 potius
1032 1061 1149 1097 quam
1165 1047 1279 1086 bonis
1294 1047 1439 1085 artibus

123 1112 170 1149 ad
198 1110 359 1160 imperia
384 1119 423 1149 et
449 1112 616 1149 honores
642 1110 838 1150 nituntur:
871 1112 1037 1161 proinde
1063 1112 1173 1161 quasi
1199 1120 1378 1161 praetura
1403 1120 1440 1150 et
1461 1120 1483 1155 8

123 1176 348 1213 consulatus
371 1184 490 1223 atque
515 1176 590 1214 alia
614 1175 745 1214 omnia
771 1176 1043 1215 huiuscemodi
1068 1189 1139 1226 per
1165 1189 1206 1215 se
1232 1177 1315 1227 ipsa
1340 1178 1442 1215 clara

125 1248 162 1278 et
181 1239 386 1289 magnifica
407 1239 492 1286 sint,
510 1253 556 1279 ac
577 1253 654 1278 non
672 1240 834 1290 perinde
849 1242 1075 1287 habeantur,
1094 1250 1135 1279 ut
1156 1254 1290 1279 eorum
1311 1242 1376 1291 qui
1397 1255 1442 1280 ea

124 1303 315 1340 sustinent
333 1302 452 1340 uirtus
476 1312 544 1342 est.
603 1317 737 1342 uerum
758 1317 830 1354 ego
857 1304 1013 1343 liberius
1039 1306 1229 1354 altiusque
1257 1306 1439 1354 processi,
1462 1322 1484 1356 9

125 1369 219 1406 dum
239 1381 302 1406 me
326 1367 494 1406 ciuitatis
520 1381 672 1406 morum
699 1368 806 1418 piget
829 1370 1047 1418 taedetque.
1106 1382 1211 1407 nunc
1237 1370 1286 1407 ad
1313 1370 1442 1419 incep-

126 1440 207 1470 tum
226 1433 355 1469 redeo.

205 1496 358 1532 Bellum
393 1495 602 1544 scripturus
640 1509 739 1543 sum,
774 1498 883 1546 quod
916 1498 1082 1546 populus
1118 1500 1322 1535 Romanus
1352 1511 1441 1536 cum
1463 1504 1489 1546 5

128 1557 313 1606 Iugurtha
337 1569 426 1606 rege
454 1558 710 1596 Numidarum
737 1558 865 1608 gessit,
887 1558 1052 1607 primum
1080 1558 1169 1608 quia
1195 1572 1380 1608 magnum
1404 1568 1443 1598 et

126 1628 234 1658 atrox
252 1620 436 1669 uariaque
456 1621 617 1660 uictoria
637 1622 719 1666 fuit,
741 1622 883 1660 dehinc
903 1623 993 1671 quia
1013 1631 1107 1660 tunc
1126 1623 1294 1672 primum
1314 1637 1444 1673 super-

130 1684 216 1722 biae
236 1683 449 1722 nobilitatis
469 1685 625 1723 obuiam
647 1685 743 1723 itum
770 1694 838 1726 est.
899 1699 1000 1735 quae
1026 1687 1229 1725 contentio
1250 1688 1386 1725 diuina
1405 1697 1443 1726 et
1466 1702 1484 1725 2

127 1749 298 1785 humana
329 1756 473 1786 cuncta
502 1749 737 1797 permiscuit,
772 1763 899 1799 eoque
929 1751 1135 1789 uecordiae
1169 1752 1368 1799 processit,
1403 1761 1444 1791 ut

127 1809 264 1848 studiis
289 1809 467 1848 ciuilibus
493 1812 638 1849 bellum
665 1820 782 1861 atque
808 1813 968 1851 uastitas
996 1814 1133 1851 Italiae
1152 1815 1268 1851 finem
1289 1816 1440 1854 faceret.

129 1875 199 1913 sed
242 1874 466 1924 priusquam
503 1875 773 1914 huiuscemodi
810 1877 865 1915 rei
901 1876 1054 1914 initium
1100 1878 1278 1926 expedio,
1319 1892 1445 1927 pauca
1465 1895 1486 1930 3

128 1950 242 1986 supra
283 1945 466 1987 repetam,
511 1952 589 1987 quo
635 1939 686 1977 ad
733 1941 1055 1989 cognoscundum
1097 1941 1230 1979 omnia
1272 1942 1445 1981 inlustria

129 2002 248 2051 magis
277 2001 480 2051 magisque
508 2002 547 2040 in
576 2010 711 2052 aperto
740 2003 828 2042 sint.

209 2067 318 2104 Bello
371 2066 519 2104 Punico
571 2068 757 2114 secundo,
805 2081 885 2116 quo
936 2069 1016 2106 dux
1067 2069 1444 2119 Carthaginiensium
1465 2085 1490 2117 4

132 2129 334 2167 Hannibal
361 2138 449 2178 post
475 2131 781 2179 magnitudinem
806 2132 976 2170 nominis
1003 2133 1174 2170 Romani
1196 2135 1331 2173 Italiae
1350 2148 1445 2185 opes

132 2204 309 2230 maxume
329 2193 549 2237 adtriuerat,
572 2194 780 2231 Masinissa
805 2207 870 2232 rex
898 2195 1156 2233 Numidarum
1176 2197 1216 2234 in
1236 2198 1445 2236 amicitiam

132 2263 306 2304 receptus
334 2269 357 2292 a
386 2258 426 2294 P.
457 2257 650 2305 Scipione,
681 2257 742 2294 cui
772 2266 909 2305 postea
938 2259 1122 2297 Africano
1151 2273 1371 2310 cognomen
1400 2275 1446 2299 ex

1240 2354 1336 2377 1—2
