1596 2495
399 76 488 112 DE
524 74 723 112 BELLO
759 73 1156 112 IUGURTHJNO
1396 83 1440 121 75

115 179 260 225 malles,
292 190 368 217 neu
403 185 442 216 te
475 184 682 226 optumum
711 189 802 214 cum
832 188 1018 225 pessumo
1049 175 1223 213 omnium
1258 175 1444 223 Iugurtha

115 243 318 282 miscendo
364 243 669 287 conmaculares„
717 241 831 279 simul
880 240 994 278 nobis
1039 241 1217 277 demeres
1262 240 1442 277 acerbam

115 306 454 354 necessitudinem,
486 306 628 356 pariter
658 312 696 344 te
726 312 918 343 errantem
947 312 1064 353 atque
1094 304 1203 341 illum
1233 304 1444 342 sceleratis·

113 385 267 411 sumum
294 371 486 421 persequi.
545 372 595 409 ad
622 372 698 409 hoc
724 371 872 420 populo
900 371 1084 407 Romano
1112 369 1188 406 iam
1209 382 1232 406 a
1252 368 1442 419 principio
1462 372 1484 408 6

115 438 223 488 inopi
250 438 389 476 melius
409 436 536 475 uisum
560 436 709 474 amicos
730 449 847 485 quam
870 448 1002 473 seruos
1024 449 1222 485 quaerere,
1243 434 1442 484 tutiusque

112 502 184 540 rati
219 501 445 541 uolentibus
483 514 601 550 quam
635 500 781 539 coactis
816 500 1048 550 imperitare.
1107 500 1178 538 tibi
1211 512 1304 538 uero
1337 501 1442 537 nulla
1463 507 1482 544 7

113 567 372 618 opportunior
401 575 532 605 nostra
558 566 738 612 amicitia,
767 566 937 615 primum
965 565 1057 615 quia
1083 567 1218 615 procul
1244 566 1439 611 absumus,

112 633 152 670 in
173 644 251 682 quo
271 632 445 670 offensae
465 631 695 676 minumum,
713 630 834 681 gratia
856 643 925 680 par
944 643 990 667 ac
1010 630 1041 667 si
1061 643 1186 679 prope
1200 631 1439 676 adessemus,

112 697 216 743 dein,
237 696 329 746 quia
347 695 519 746 parentis
540 697 698 734 abunde
719 697 921 741 habemus,
944 694 1158 733 amicorum
1179 708 1308 744 neque
1328 695 1441 734 nobis

112 775 241 812 neque
274 762 458 811 cuiquam
493 761 672 800 omnium
711 761 802 799 satis
837 761 919 799 fuit.
977 768 1095 810 atque
1128 761 1204 799 hoc
1237 762 1385 799 utinam
1419 776 1441 800 a
1462 767 1484 803 8

112 826 303 877 principio
337 827 407 865 tibi
438 828 670 876 placuisset:
709 827 884 876 profecto
915 839 964 864 ex
994 827 1144 876 populo
1178 828 1361 865 Romano
1391 827 1440 864 ad

111 892 187 930 hoc
215 899 370 942 tempus
399 892 522 929 multo
552 892 661 941 plura
691 892 798 929 bona
826 889 1055 940 accepisses,
1085 903 1201 940 quam
1230 892 1333 928 mala
1358 904 1442 940 per-

113 971 248 1007 pessus
274 970 326 996 es.
384 964 422 995 et
443 956 629 1006 quoniam
651 957 910 994 humanarum
933 969 1060 994 rerum
1081 957 1236 994 fortuna
1256 958 1440 1007 pleraque
1461 968 1482 1003 9

111 1023 218 1072 regit,
255 1021 317 1060 cui
356 1021 504 1060 scilicet
542 1021 688 1071 placuit
727 1029 764 1059 et
802 1020 883 1058 uim
922 1028 960 1059 et
994 1021 1156 1071 gratiam
1190 1029 1363 1059 nostram
1402 1030 1440 1060 te

111 1086 285 1137 experiri,
321 1100 439 1134 nunc,
471 1087 632 1136 quando
671 1099 738 1136 per
777 1086 883 1124 illam
923 1086 1025 1133 licet,
1066 1088 1205 1125 festina
1243 1095 1360 1137 atque
1399 1096 1440 1126 ut

111 1151 275 1201 coepisti
302 1164 429 1201 perge.
489 1153 611 1189 multa
636 1158 754 1201 atque
781 1159 1004 1201 opportuna
1026 1153 1160 1199 habes,
1187 1165 1265 1202 quo
1290 1152 1440 1191 facilius
1463 1166 1509 1190 10

112 1223 234 1254 errata
275 1216 411 1254 officiis
456 1228 625 1264 superes.
703 1223 904 1265 postremo
949 1217 1026 1254 hoc
1069 1216 1108 1253 in
1150 1225 1290 1265 pectus
1328 1225 1439 1255 tuum
1463 1231 1505 1255 11

110 1280 284 1327 demitte,
317 1293 534 1329 numquam
572 1281 764 1330 populum
804 1282 1030 1319 Romanum
1065 1280 1255 1319 benificiis
1293 1281 1438 1319 victum

110 1357 206 1382 esse.
265 1357 356 1381 nam
386 1344 490 1382 bello
520 1343 615 1393 quid
644 1344 773 1382 ualeat
802 1352 885 1382 tute
914 1345 1012 1382 seis.'

190 1409 254 1447 Ad
291 1421 338 1447 ea
371 1409 552 1446 Bocchus
585 1408 740 1457 placide
775 1416 813 1446 et
847 1409 1026 1458 benigne,
1062 1408 1175 1446 simul
1210 1422 1336 1458 pauca
1368 1423 1438 1460 pro
1463 1419 1506 1443 12

111 1473 254 1511 delicto
296 1486 366 1511 suo
406 1474 524 1511 uerba
561 1471 676 1510 facit:
725 1486 766 1512 se
803 1486 884 1511 non
925 1473 1056 1512 hostili
1093 1474 1238 1522 animo,
1278 1476 1348 1514 sed
1386 1478 1438 1514 ob

109 1551 271 1587 regnum
306 1538 513 1575 tutandum
551 1550 659 1575 arma
692 1537 854 1587 cepisse.
913 1551 1006 1576 nam
1041 1539 1238 1578 Numidae
1274 1548 1436 1590 partem,
1462 1553 1506 1589 13

111 1604 216 1641 unde
243 1601 282 1640 ui
310 1603 538 1653 Iugurtham
565 1603 766 1652 expulerit,
791 1603 872 1642 iure
900 1604 991 1642 belli
1018 1617 1128 1642 suam
1152 1606 1318 1643 factam:
1350 1619 1437 1644 eam

110 1667 251 1705 uastari
289 1681 312 1705 a
353 1667 481 1706 Mario
519 1667 600 1716 pati
638 1668 871 1717 nequiuisse.
930 1677 1132 1719 praeterea
1165 1670 1289 1708 missis
1322 1679 1438 1710 antea
1462 1684 1508 1718 14

111 1733 281 1770 Romam
325 1731 461 1781 legatis
502 1733 699 1782 repulsum
741 1735 791 1771 ab
833 1734 1014 1772 amicitia.
1091 1743 1264 1773 ceterum
1306 1745 1438 1774 uetera

110 1797 300 1843 omittere,
322 1810 367 1834 ae
391 1804 486 1845 tum,
508 1796 540 1834 si
563 1811 633 1847 per
658 1799 825 1836 Marium
851 1799 994 1847 liceret,
1017 1800 1164 1848 legatos
1188 1801 1239 1838 ad
1259 1809 1437 1839 senatum

109 1864 328 1901 missurum.
386 1862 489 1910 dein,
526 1863 640 1912 copia
678 1864 791 1909 facta,
832 1864 985 1901 animus
1023 1863 1176 1902 barbari
1214 1866 1264 1903 ab
1302 1866 1437 1904 amicis
1461 1879 1504 1917 15

109 1928 240 1975 flexus,
276 1941 374 1977 quos
414 1929 612 1977 Iugurtha,
649 1928 807 1977 cognita
840 1929 1035 1978 legatione
1069 1930 1198 1967 Sullae
1232 1937 1271 1969 et
1312 1932 1436 1969 Manli

110 2002 288 2033 metuens
318 1993 357 2031 id
387 1995 496 2042 quod
525 1994 742 2043 parabatur,
775 1993 889 2032 donis
918 2003 1161 2044 conruperat.

190 2057 340 2096 Marius
367 2058 525 2104 interea,
549 2056 719 2095 exercitu
743 2057 782 2094 in
808 2057 1082 2096 hibernaculis.
1096 2059 1318 2109 conposito,
1346 2073 1434 2099 curn
1458 2064 1548 2108 103

110 2123 302 2173 expeditis
328 2123 554 2161 cohortibus
582 2130 619 2160 et
646 2131 754 2171 parte
781 2122 977 2172 equitatus
1004 2124 1260 2173 proficiscitur
1286 2127 1324 2164 in
1349 2128 1436 2165 loca

110 2190 193 2227 sola
218 2189 420 2226 obsessum
449 2186 581 2225 turrim
605 2187 761 2236 regiam,
784 2200 862 2236 quo
889 2189 1075 2237 Iugurtha
1101 2190 1280 2240 perfugas
1308 2191 1435 2229 omnis

110 2252 347 2301 praesidium
367 2251 614 2301 imposuerat.
664 2259 746 2290 tum
766 2265 894 2290 rursus
917 2254 1110 2300 Bocchus,
1128 2267 1197 2292 seu
1214 2242 1434 2304 reputando
1458 2273 1476 2296 2
