1596 2495
384 77 472 113 DE
509 76 708 113 BELLO
742 74 1141 113 JUGURTHJNO
1378 85 1426 123 47

98 179 223 216 clarus
253 191 380 227 neque
411 186 490 216 tam
521 176 682 227 egregiis
711 178 822 216 factis
852 185 944 223 erat,
971 176 1066 226 quin
1092 176 1124 214 is
1150 176 1333 227 indignus
1358 178 1426 217 illo

97 243 246 281 honore
291 250 328 281 et
365 241 476 291 quasi
514 244 687 291 pollutus
726 242 942 280 haberetur.
1020 241 1134 290 igitur
1171 242 1237 279 ubi
1277 243 1424 281 Marius
1448 243 1509 288 64

96 305 309 355 haruspicis
339 305 442 344 dicta
471 307 612 344 eodem
642 305 844 344 intendere
874 306 993 354 uidet,
1025 318 1103 355 quo
1133 304 1276 354 cupido
1305 306 1424 345 animi

95 369 331 414 hortabatur,
372 368 422 406 ab
465 369 632 407 Metello
671 368 835 418 petundi
873 369 996 419 gratia
1034 368 1261 406 missionem
1299 378 1419 419 rogat.

94 433 157 470 cui
202 446 442 482 quamquam
484 433 616 479 uirtus,
656 433 777 484 gloria
814 441 932 484 atque
970 434 1046 472 alia
1088 434 1265 483 optanda
1308 434 1422 474 bonis

93 499 341 548 superabant,
373 505 504 536 tamen
539 498 664 537 inerat
697 505 946 547 contemptor
976 497 1130 537 animus
1159 505 1198 537 et
1227 499 1418 548 superbia,

92 576 303 602 commune
346 563 559 602 nobilitatis
599 564 755 601 malum.
833 563 966 612 itaque
1003 563 1171 614 primurn
1211 573 1460 603 conmotus2

94 628 247 666 insolita
286 641 326 667 re
364 627 491 665 mirari
532 628 613 666 eius
647 628 854 666 consilium
888 636 926 666 et
959 628 1069 677 quasi
1105 641 1173 678 per
1207 628 1418 668 amicitiam

92 706 250 731 monere
274 706 323 731 ne
344 700 422 730 tam
443 705 565 741 praua
584 692 773 741 inciperet
793 706 870 730 neu
892 705 1007 741 super
1026 694 1221 731 fortunam
1243 693 1415 732 animum

91 765 262 808 gereret:
292 770 372 795 non
400 757 532 795 omnia
559 757 741 795 omnibus
769 757 968 806 cupiunda
994 770 1090 803 esse,
1114 759 1258 797 debere
1285 759 1337 796 illi
1358 772 1418 798 res

90 836 177 860 suas
211 823 303 861 satis
336 824 513 872 placere3
554 830 753 871 postremo
787 831 942 861 caueret
974 823 1015 860 id
1048 831 1182 872 petere
1213 837 1238 863 a
1269 826 1417 875 populo

93 890 286 933 Romano,
319 889 426 937 quod
455 887 510 925 illi
543 887 623 925 iure
657 895 871 937 negaretur.
931 890 1270 937 postquanrhaee
1300 897 1458 940 atque3

89 954 164 991 alia
190 954 282 991 talia
309 953 414 999 dixit,
441 966 570 1002 neque
596 953 750 990 animus
778 952 882 990 Mari
908 953 1085 1001 flectitur,
1111 954 1322 1004 respondit,
1348 954 1416 993 ubi

90 1018 255 1067 primum
286 1018 477 1068 potuisset
505 1031 575 1067 per
602 1018 760 1067 negotia
786 1017 954 1067 publica,
979 1020 1171 1057 facturum
1199 1032 1285 1058 sese
1314 1033 1416 1069 quae

90 1090 248 1130 peteret.
308 1096 353 1120 ac
379 1091 518 1132 postea
544 1082 699 1131 saepius
727 1083 864 1120 eadem
887 1083 1101 1131 postulanti
1120 1084 1238 1122 fertur
1258 1085 1410 1131 dixisse,
1433 1098 1457 1131 4

89 1159 137 1183 ne
160 1145 358 1184 festinaret
382 1145 512 1185 abire:
542 1146 634 1184 satis
659 1153 808 1184 mature
832 1146 941 1184 illum
966 1161 1056 1185 cum
1081 1148 1160 1186 filio
1185 1162 1256 1187 suo
1276 1162 1413 1187 consu-

87 1211 208 1247 latum
235 1209 445 1259 petiturum
473 1210 520 1260 (is
548 1223 595 1249 eo
622 1218 798 1259 tempore
828 1211 1086 1250 contubernio
1115 1213 1233 1262 patris
1262 1213 1410 1253 ibidem

87 1274 288 1321 militabat,
316 1287 441 1313 annos
470 1282 584 1313 natus
613 1275 764 1313 circiter
792 1274 958 1326 uiginti).
1017 1289 1120 1325 quae
1149 1290 1210 1316 res
1240 1279 1411 1316 Marium

85 1350 175 1374 cum
209 1351 279 1387 pro
314 1339 463 1377 honore
496 1352 613 1388 quem
648 1340 883 1385 adfectabat,
917 1347 1000 1377 turn
1034 1349 1170 1380 contra
1205 1344 1411 1381 Metellum

87 1405 338 1442 uehementer
371 1405 613 1443 accenderat.
673 1404 726 1442 ita
756 1405 942 1454 cupidine
975 1413 1092 1456 atque
1120 1407 1185 1454 ira,
1217 1409 1409 1457 pessumis
1429 1421 1450 1459 5

86 1468 382 1514 consultoribus,
414 1468 588 1518 grassari,
619 1482 747 1518 neque
775 1469 880 1508 facto
909 1470 989 1508 ullo
1020 1483 1149 1520 neque
1182 1471 1291 1511 dicto
1325 1474 1409 1512 abs-

84 1532 218 1581 tinere,
254 1534 360 1582 quod
400 1533 520 1571 modo
554 1532 805 1571 ambitiosum
844 1535 969 1573 foret:
1012 1535 1154 1574 milites
1187 1538 1330 1585 quibus
1366 1538 1407 1576 in

84 1597 253 1636 hibernis
279 1607 453 1647 praeerat
479 1598 623 1637 laxiore
650 1598 815 1648 imperio
842 1613 958 1648 quam
986 1609 1103 1639 antea
1125 1602 1279 1650 habere,
1302 1605 1406 1653 apud

84 1662 354 1712 negotiatores,
382 1676 549 1712 quorum
580 1677 721 1714 magna
750 1664 959 1704 multitudo
989 1666 1131 1706 Uticae
1160 1676 1252 1715 erat,
1280 1670 1405 1708 crimi-

83 1739 177 1763 nose
222 1726 335 1764 simul
378 1735 418 1765 et
461 1728 666 1776 magnifice
701 1729 752 1767 de
791 1730 895 1767 bello
932 1730 1071 1779 loqui:
1118 1731 1281 1770 dimidia
1318 1747 1405 1783 pars

81 1789 270 1828 exercitus
315 1791 343 1827 si
383 1789 456 1828 sibi
492 1791 788 1840 permitteretur,
829 1793 963 1841 paucis
1001 1793 1138 1832 diebus
1178 1797 1404 1844 Iugurtham

81 1855 119 1892 in
149 1855 297 1893 catenis
327 1856 547 1894 habiturum
562 1869 574 1903 ;
606 1857 656 1894 ab
684 1856 916 1905 imperatore
945 1859 1126 1897 consulto
1155 1859 1266 1908 trahi,
1296 1863 1404 1910 quod

80 1920 199 1958 homo
229 1919 354 1958 inanis
387 1928 427 1959 et
459 1920 585 1970 regiae
618 1920 824 1969 superbiae
859 1921 1024 1970 imperio
1057 1922 1171 1961 nimis
1204 1926 1399 1974 gauderet.

79 1996 180 2032 quae
214 1984 345 2022 onmia
379 1984 452 2023 illis
480 1998 528 2024 eo
556 1985 726 2023 firmiora
753 1985 997 2034 uidebantur,
1029 1987 1121 2037 quia
1149 1988 1400 2029 diuturnitate
1420 1999 1442 2034 6

79 2047 171 2085 belli
195 2060 254 2085 res
277 2047 474 2085 familiaris
494 2056 768 2098 conruperant,
789 2057 828 2087 et
847 2049 980 2088 animo
1001 2051 1173 2100 cupienti
1195 2052 1289 2091 nihil
1309 2054 1401 2093 satis

77 2110 287 2148 festinatur.
337 2119 417 2149 erat
437 2119 634 2161 praeterea
653 2113 693 2150 in
713 2112 883 2151 exercitu
899 2121 1035 2152 nostro
1052 2115 1225 2154 Numida
1240 2117 1397 2165 quidam
1419 2123 1478 2167 65

78 2174 237 2211 nomine
257 2175 408 2218 Gauda,
433 2175 714 2213 Mastanabalis
733 2177 844 2221 filius,
870 2176 1102 2216 Masinissae
1122 2191 1258 2228 nepos,
1280 2193 1397 2229 quem

80 2235 248 2286 Micipsa
280 2245 514 2276 testamento
543 2240 761 2276 secundum
791 2241 975 2279 heredem
1005 2242 1221 2291 scripserat,
1252 2245 1397 2283 morbis
