1596 2495
400 75 487 111 DE
525 74 723 111 BELLO
760 74 1156 111 IUGURTHJNO
1391 83 1437 120 57

115 177 364 217 necessitudo
393 178 499 227 apud
528 176 722 214 Numidas
753 178 993 225 Maurosque
1023 174 1120 214 leuis
1154 175 1320 221 ducitur,
1350 174 1440 224 quia

116 243 253 292 singuli
288 255 356 292 pro
387 241 526 290 opibus
558 241 724 290 quisque
755 254 872 290 quam
904 242 1103 290 plurumas
1137 252 1286 286 uxores,
1319 240 1440 277 denas
1480 260 1487 266 ·

116 306 189 352 alii,
220 306 282 344 alii
313 305 432 356 pluris
461 306 620 351 habent,
651 306 721 344 sed
750 318 859 354 reges
888 318 936 343 eo
966 304 1143 353 amplius.
1202 303 1255 342 ita
1287 303 1441 342 animus
1463 316 1481 353 7

116 369 366 408 multitudine
405 369 653 408 distrahitur:
701 371 807 407 nulla
844 382 915 419 pro
953 369 1060 407 socia
1098 367 1260 417 optinet,
1300 369 1443 418 pariter

117 448 254 474 omnes
299 435 396 473 uiles
440 442 541 472 sunt.
617 434 732 484 igitur
774 434 815 472 in
853 435 982 472 locum
1021 434 1215 472 ambobus
1254 433 1441 483 placitum
1463 430 1520 474 81

118 500 306 538 exercitus
344 498 593 537 conueniunt.
651 498 704 536 ibi
743 498 821 537 fide
858 499 951 536 data
987 505 1026 537 et
1059 505 1222 547 accepta
1256 498 1443 548 Iugurtha

120 564 265 601 Bocchi
311 563 483 600 animum
531 563 707 600 oratione
754 562 956 601 accendit:
1013 564 1217 600 Romanos
1264 561 1440 609 iniustos,

118 629 310 678 profunda
339 627 501 666 auaritia
530 627 750 666 communis
778 627 955 666 omnium
982 627 1104 665 hostis
1131 640 1215 666 esse
1229 641 1239 674 3
1275 628 1440 665 eandem

117 694 204 732 illos
230 706 386 731 causam
414 691 505 730 belli
529 705 618 730 cum
644 692 802 730 Boccho
822 692 978 738 habere,
1002 705 1118 741 quam
1141 704 1272 730 secum
1295 699 1332 730 et
1353 705 1441 730 curn

118 760 202 798 aliis
239 761 432 809 gentibus,
473 758 690 796 lubidinem
729 757 992 807 imperitandi,
1031 757 1117 807 quis
1156 757 1289 795 omnia
1326 770 1443 807 regna

118 827 285 864 aduorsa
318 824 416 861 sint:
456 831 535 861 tum
572 836 667 866 sese,
699 823 816 871 paulo
850 829 941 860 ante
975 821 1318 871 Carthaginiensis,
1350 823 1442 860 item

119 902 247 939 regem
286 889 439 934 Persen,
473 895 561 937 post
598 887 654 924 uti
688 886 855 935 quisque
888 885 1220 935 opulentissumus
1254 885 1442 933 uideatur,

119 954 172 991 ita
210 952 402 991 Romanis
440 953 595 989 hostem
634 952 724 989 fore.
784 950 838 988 eis
877 957 994 1000 atque
1034 949 1117 988 aliis
1157 951 1297 988 talibus
1331 950 1484 988 dictis2

119 1020 169 1056 ad
190 1018 336 1057 Cirtam
358 1016 548 1066 oppidum
570 1015 641 1054 iter
660 1015 913 1061 constituunt,
933 1016 1039 1064 quod
1060 1016 1113 1053 ibi
1134 1017 1319 1054 Metellus
1340 1029 1445 1065 prae-

120 1084 210 1121 dam
245 1081 501 1131 captiuosque
534 1087 571 1118 et
606 1079 874 1129 inpedimenta
907 1081 1112 1118 locauerat.
1170 1080 1224 1118 ita
1257 1081 1485 1130 Iugurtha3

120 1155 223 1185 ratus
261 1153 326 1184 aut
364 1152 480 1194 capta
517 1146 612 1183 urbe
654 1157 798 1194 operae
842 1144 1008 1194 pretium
1052 1146 1132 1183 fote
1173 1152 1252 1192 aut,
1291 1145 1322 1182 si
1367 1146 1446 1183 dux

123 1214 327 1250 Romanus
370 1209 512 1248 auxilio
557 1209 635 1248 suis
680 1210 862 1258 uenisset,
902 1209 1052 1259 proelio
1096 1222 1181 1248 sese
1219 1217 1442 1248 certaturos.

121 1288 209 1313 nam
235 1275 397 1312 callidus
425 1274 464 1312 id
491 1275 612 1312 modo
638 1274 859 1320 festinabat,
882 1273 1031 1312 Bocchi
1058 1287 1194 1324 pacem
1216 1273 1444 1322 inminuere,
1465 1284 1488 1317 4

122 1353 171 1378 ne
191 1352 318 1377 moras
338 1339 523 1389 agitando
544 1338 649 1377 aliud
670 1352 789 1388 quam
809 1340 955 1377 bellum
978 1341 1118 1377 mallet.

203 1405 420 1453 Imperator
449 1411 660 1452 postquam
688 1405 739 1442 de
766 1416 898 1453 regum
926 1404 1113 1442 societate
1139 1404 1334 1454 cognouit,
1366 1418 1446 1443 non
1466 1405 1524 1448 82

122 1477 267 1507 temere
296 1481 436 1517 neque,
467 1468 523 1506 uti
555 1480 672 1517 saepe
705 1468 781 1506 iam
817 1468 922 1507 uicto
958 1470 1144 1519 Iugurtha
1176 1477 1445 1516 consueuerat,

123 1533 306 1572 omnihus
355 1533 452 1571 locis
498 1533 700 1583 pugnandi
745 1533 900 1583 copiam
944 1534 1046 1572 facit.
1123 1541 1295 1573 ceterum
1341 1535 1446 1572 haud

123 1600 258 1648 procul
281 1599 331 1636 ab
359 1597 467 1637 Cirta
491 1598 625 1636 castris
653 1598 812 1636 munitis
837 1611 947 1649 reges
973 1598 1182 1648 opperitur,
1204 1598 1342 1637 melius
1363 1612 1447 1638 esse

124 1670 227 1701 ratus
253 1662 417 1712 cognitis
446 1663 609 1709 Mauris,
630 1663 817 1710 quoniam
844 1664 876 1701 is
905 1676 1031 1702 nouos
1060 1663 1183 1702 hostis
1211 1665 1442 1712 adcesserat,

123 1741 171 1767 ex
205 1728 415 1764 commodo
449 1739 618 1776 pugnam
652 1729 788 1766 facere.
846 1727 1001 1767 interim
1036 1730 1166 1766 Roma
1198 1742 1269 1778 per
1300 1728 1446 1767 litteras
1467 1743 1486 1766 2

125 1792 262 1831 certior
288 1792 330 1830 fit
355 1791 598 1840 prouinciam
625 1791 855 1831 Numidiam
884 1792 1011 1830 Mario
1039 1793 1182 1831 datam.
1241 1806 1332 1830 nam
1358 1805 1449 1831 con-

125 1859 246 1896 sulem
276 1858 419 1894 factum
451 1864 540 1894 ante
567 1864 778 1905 acceperat.
839 1856 981 1905 quibus
1010 1857 1125 1895 rebus
1154 1869 1269 1906 supra
1298 1858 1447 1896 bonum

125 1929 190 1960 aut
234 1923 442 1958 honestum
488 1921 697 1969 pemulsus,
741 1933 869 1970 neque
911 1921 1101 1958 lacrumas
1142 1928 1275 1960 tenere
1320 1934 1448 1971 neque

125 1984 318 2024 moderari
361 1984 558 2033 linguam:
608 1984 666 2022 uir
712 1984 887 2034 egregius
929 1985 969 2022 in
1011 1985 1095 2022 aliis
1139 1985 1285 2024 artibus
1333 1986 1447 2024 nimis

125 2048 610 2098 molliter-aegritudinem
643 2049 734 2098 pati.
792 2061 909 2098 quam
944 2062 1024 2088 rem
1058 2049 1120 2087 alii
1153 2050 1193 2087 in
1227 2050 1445 2099 superbiam
1466 2060 1488 2095 3

125 2115 341 2160 uortebant,
366 2113 430 2151 alii
457 2113 603 2150 bonum
630 2113 829 2162 ingenium
854 2114 1092 2151 contumelia
1115 2126 1325 2152 accensum
1349 2127 1444 2160 esse,

126 2179 246 2224 multi,
261 2178 368 2226 quod
388 2177 465 2214 iam
487 2184 595 2225 parta
615 2177 776 2215 uictoria
797 2190 843 2214 ex
863 2178 1044 2215 manibus
1065 2177 1282 2226 eriperetur.
1332 2179 1446 2217 nobis

127 2242 218 2280 satis
247 2240 446 2291 cognitum
476 2250 533 2278 est
563 2240 670 2277 illum
701 2240 822 2289 magis
851 2241 1000 2278 honore
1032 2241 1131 2278 Mari
1161 2254 1278 2290 quam
1309 2241 1446 2279 iniuria
