1596 2495
199 133 248 170 50
558 122 598 159 C.
641 121 708 158 SA
717 122 784 157 LL
793 121 926 158 USTJ
966 121 1168 159 CRISPJ

195 227 356 264 abesse:
398 225 538 263 decere
578 224 664 262 illos
698 223 857 262 relicum
892 225 1066 262 laborem
1100 237 1228 273 aequo
1262 223 1396 263 animo
1429 223 1520 273 pati,

196 291 290 328 dun]
326 302 397 338 pro
431 288 582 326 ciuibus
616 288 704 333 suis,
742 287 832 325 uiris
867 287 1097 326 fortissumis
1126 296 1244 338 atque
1274 287 1520 334 miserrumis,

196 367 344 404 poenas
392 360 586 403 caperent.
645 360 846 402 praeterea
892 354 1079 402 praedam
1127 353 1297 403 benigne
1341 360 1520 392 ostentat.

154 418 250 468 4sic
287 417 428 456 animis
461 430 594 456 eorum
630 417 798 456 adrectis
831 417 982 467 equites
1016 417 1054 455 in
1089 417 1214 467 primo
1249 420 1337 463 late,
1373 417 1524 467 pedites

118 488 177 531 69
196 498 313 534 quam
353 483 555 522 artissume
593 483 646 521 ire
685 491 724 521 et
762 482 870 533 signa
909 484 1102 522 occultare
1144 482 1261 521 iubet.
1322 485 1525 533 Vagenses

197 549 263 588 ubi
302 549 476 587 animum
512 549 718 587 aduortere
756 549 807 586 ad
842 561 883 586 se
916 561 1074 586 uorsum
1109 548 1319 586 exercitum
1353 561 1523 597 pergere,

197 614 334 664 primo,
374 614 430 652 uti
469 621 549 652 erat
586 626 658 662 res,
702 615 906 652 Metellum
945 626 1029 652 esse
1067 612 1138 651 rati
1176 620 1306 662 portas
1340 614 1524 659 clausere,

198 678 341 718 deinde
370 677 437 716 ubi
466 692 595 728 neque
624 691 736 727 agros
765 678 906 717 uastari
937 686 975 718 et
1005 691 1083 724 eos,
1115 677 1180 727 qui
1209 677 1323 728 primi
1353 678 1524 726 aderant,

199 743 394 781 Numidas
423 742 574 791 equites
603 742 752 787 uident,
783 756 932 780 rursum
970 743 1196 792 Iugurtham
1230 742 1402 780 arbitrati
1436 755 1526 781 cum

159 821 178 844 2
198 821 342 858 magno
362 807 507 858 gaudio
528 807 635 846 obuii
656 808 884 856 procedunt.
944 808 1094 857 equites
1115 808 1345 858 peditesque
1365 816 1527 857 repente

199 872 310 922 signo
348 873 442 910 dato
480 871 544 910 alii
583 871 744 921 uolgum
783 873 948 911 effusum
984 872 1135 923 oppido
1169 874 1344 919 caedere,
1380 872 1444 911 alii
1477 874 1527 911 ad

200 945 330 986 portas
356 936 550 982 festinare,
579 950 667 987 pars
695 936 806 975 turris
832 949 998 986 capere:
1028 936 1082 974 ira
1108 945 1225 986 atque
1248 938 1417 987 praedae
1437 951 1527 987 spes

158 1014 179 1049 3
199 1001 365 1051 amplius
385 1014 502 1050 quam
522 1001 711 1040 lassitudo
731 1014 858 1051 posse.
917 1001 971 1040 ita
997 1003 1197 1052 Vagenses
1224 1001 1384 1041 biduom
1406 1003 1528 1040 modo

200 1081 246 1106 ex
266 1065 427 1116 perfidia
445 1065 589 1104 laetati.
647 1065 784 1104 ciuitas
805 1080 946 1116 magna
966 1074 1003 1105 et
1025 1068 1190 1116 opulens
1209 1074 1352 1105 cuncta
1375 1080 1528 1115 poenae

158 1149 181 1182 4
200 1140 267 1170 aut
286 1131 454 1181 praedae
474 1131 554 1168 fuit.
614 1130 824 1180 Turpilius,
847 1144 964 1180 quem
986 1132 1224 1180 praefectum
1246 1130 1528 1180 oppidiunum

200 1208 247 1233 ex
276 1194 458 1232 omnibus
488 1193 702 1244 profugisse
731 1208 845 1244 supra
875 1194 1134 1241 ostendimus,
1165 1195 1288 1232 iussus
1314 1208 1338 1232 a
1364 1196 1529 1233 Metello

200 1273 357 1298 causam
379 1258 520 1305 dicere,
538 1266 748 1308 postquam
770 1272 855 1297 sese
873 1272 1010 1308 parum
1028 1267 1224 1308 expurgat,
1243 1260 1529 1297 condemnatus

201 1324 505 1372 uerberatusque
534 1322 662 1372 capite
692 1336 840 1372 poenas
870 1323 1010 1362 soluit:
1043 1335 1135 1360 nam
1169 1322 1200 1360 is
1235 1322 1330 1360 ciuis
1360 1337 1381 1361 e
1416 1323 1530 1361 Latio

201 1396 289 1427 erat.

123 1457 183 1500 70
284 1455 356 1491 Per
394 1453 499 1491 idem
538 1460 692 1502 teinpus
736 1452 942 1499 Bomilcar,
990 1451 1099 1489 cuius
1144 1451 1298 1501 inpulsu
1346 1453 1531 1502 Iugurtha

203 1517 456 1564 deditionem,
488 1530 607 1565 quam
635 1523 741 1554 metu
769 1515 951 1563 deseruit,
979 1515 1190 1565 inceperat,
1218 1523 1423 1565 suspectus
1450 1518 1529 1566 regi

203 1590 241 1621 et
260 1581 343 1632 ipse
363 1594 452 1620 eum
473 1580 699 1630 suspiciens,
722 1570 846 1619 nouas
867 1593 927 1619 res
954 1593 1107 1629 cupere,
1136 1580 1186 1617 ad
1213 1579 1423 1629 perniciem
1448 1594 1531 1619 eius

163 1664 181 1687 2
203 1648 338 1685 dolum
368 1658 563 1695 quaerere,
595 1645 658 1682 die
688 1652 887 1694 noctuque
920 1643 1079 1693 fatigare
1113 1643 1300 1681 animum.
1360 1645 1531 1694 denique

203 1710 337 1748 onmia
356 1709 588 1759 temptando
609 1709 758 1746 socium
777 1707 849 1746 sibi
864 1707 1040 1757 adiungit
1057 1707 1310 1755 Nabdalsam,
1329 1709 1529 1747 hominem

204 1775 387 1820 nobilem,
421 1772 573 1822 magnis
603 1772 755 1822 opibus,
788 1774 934 1811 clarum
963 1779 1251 1822 acceptumque
1280 1773 1532 1822 popularibus

205 1840 295 1886 suis,
326 1838 392 1888 qui
418 1839 649 1888 plerumque
676 1850 851 1875 seorsum
878 1839 928 1875 ab
954 1850 1043 1886 rege
1070 1836 1281 1875 exercitum
1307 1838 1468 1876 ductare
1493 1846 1532 1876 et

205 1904 332 1944 omnis
370 1917 429 1942 res
468 1903 607 1953 exequi
646 1902 781 1941 solitus
820 1910 912 1948 erat,
951 1915 1052 1950 quae
1087 1903 1297 1952 Iugurthae
1330 1903 1432 1940 fesso
1466 1911 1533 1941 aut

204 1969 416 2008 maioribus
436 1969 622 2008 adstricto
643 1975 931 2018 superauerant.
981 1981 1026 2007 ex
1047 1981 1126 2017 quo
1146 1967 1199 2005 illi
1219 1968 1340 2017 gloria
1359 1980 1532 2018 opesque

165 2049 187 2084 3
207 2033 399 2072 inuentae.
459 2033 573 2082 igitur
610 2033 810 2082 utriusque
844 2031 1008 2070 consilio
1042 2031 1124 2070 dies
1157 2030 1307 2069 insidiis
1341 2031 1529 2069 statuitur.

165 2115 188 2148 4
207 2105 345 2144 cetera,
378 2097 433 2135 uti
462 2110 521 2135 res
552 2104 740 2146 posceret,
772 2109 821 2134 ex
850 2103 1026 2145 tempore
1053 2094 1179 2146 parari
1208 2094 1365 2143 placuit.
1424 2095 1530 2133 Nab-

207 2163 316 2200 dalsa
348 2162 398 2199 ad
428 2161 639 2199 exercitum
670 2161 876 2210 profectus,
911 2172 1029 2208 quem
1063 2159 1163 2196 inter
1195 2159 1359 2196 hiberna
1390 2160 1539 2196 Roma-·

167 2239 186 2276 5
208 2239 347 2265 norum
369 2226 494 2264 iussus
509 2226 689 2271 habebat,
711 2238 762 2263 ne
782 2237 871 2273 ager
890 2224 1022 2262 inultis
1042 2223 1217 2261 hostibus
1231 2230 1456 2261 uastaretur.
1500 2222 1531 2262 is

208 2297 417 2339 postquam
448 2288 717 2338 magnitudine
746 2287 928 2326 facinoris
958 2288 1155 2337 perculsus
1184 2287 1234 2324 ad
1264 2295 1418 2336 tempus
1451 2300 1531 2326 non
