1596 2495
378 74 465 110 DE
502 72 700 110 BELLO
741 72 1140 110 IUGURTHJNO
1375 85 1420 119 31

93 177 215 227 magis
239 178 332 216 odio
360 175 576 215 nobilitatis
603 175 666 214 cui
694 177 795 214 mala
822 176 886 214 illa
912 176 1161 225 parabantur,
1188 189 1306 225 quam
1333 189 1425 213 cura

92 243 148 281 rei
176 241 380 293 publicae:
415 249 524 279 tanta
552 240 689 279 lubido
718 240 758 278 in
785 241 960 290 partibus
986 249 1078 280 erat.
1137 242 1261 291 igitur,
1287 241 1424 279 ceteris
1442 253 1467 286 4

92 313 199 345 metu
230 305 428 356 perculsis,
462 307 518 343 M.
550 306 729 353 Scaurus,
761 318 880 355 quem
914 307 1085 355 legatum
1120 305 1275 344 Bestiae
1306 305 1424 344 fuisse

93 384 209 421 supra
241 370 459 417 docuimus,
494 370 596 408 inter
628 369 817 409 laetitiam
851 370 1053 420 plebis·et
1087 384 1246 409 suorum
1279 372 1422 421 fugam,

92 434 244 484 trepida
269 434 387 473 etiam
415 442 497 473 tum
526 434 698 481 ciuitate,
723 447 813 472 cum
841 448 889 474 ex
916 434 1096 474 Mamilia
1118 435 1322 485 rogatione
1348 443 1424 473 tres

92 499 330 549 quaesitores
368 507 604 549 rogarentur,
647 501 828 538 effecerat
867 500 923 538 uti
961 500 1045 550 ipse
1087 500 1127 538 in
1169 513 1218 539 eo
1259 513 1424 538 numero

92 571 293 602 crearetur.
358 565 427 602 sed
466 565 644 613 quaestio
683 564 853 603 exercita
889 578 1028 614 aspere
1067 565 1338 614 uiolenterque
1376 577 1424 603 ex
1444 577 1464 614 5

90 641 246 667 rumore
281 636 321 668 et
357 628 534 668 lubidine
570 628 705 679 plebis.
765 637 809 668 ut
842 642 960 679 saepe
996 629 1253 676 nobilitatem,
1289 630 1344 666 sic
1378 642 1424 668 ea

91 701 324 744 tempestate
352 694 511 743 plebem
541 707 588 733 ex
616 694 798 733 secundis
827 696 944 734 rebus
973 694 1184 734 insolentia
1212 701 1379 744 ceperat.

171 758 358 797 Ceterum
403 770 489 796 mos
531 757 700 808 partium
743 752 992 808 popularium
1035 765 1075 796 et
1117 756 1334 796 factionum
1378 770 1423 795 ac
1443 753 1502 797 41

91 821 235 861 deinde
264 822 442 860 omnium
469 825 659 862 malarum
686 823 825 861 artium
853 822 986 874 paucis
1013 830 1105 862 ante
1131 822 1243 861 annis
1271 825 1424 861 Romae

92 893 197 925 ortus
226 894 286 925 est
315 887 396 926 otio
425 895 543 938 atque
572 888 815 927 abundantia
844 901 977 927 earum
1004 901 1146 935 rerum,
1171 902 1271 939 quae
1298 888 1424 938 prima

91 952 274 990 mortales
299 953 459 991 ducunt.
519 965 611 991 nam
636 960 727 992 ante
754 954 1034 1009 Carthaginem
1061 954 1233 993 deletam
1254 955 1425 1004 populus
1445 967 1464 991 2

91 1026 130 1056 et
167 1025 323 1056 senatus
363 1019 570 1058 Romanus
613 1018 768 1068 placide
810 1020 1070 1068 modesteque
1112 1019 1213 1058 inter
1256 1032 1299 1058 se
1341 1033 1422 1058 rem

91 1083 290 1133 publicam
332 1085 562 1132 tractabant,
607 1097 738 1134 neque
780 1083 926 1135 gloriae
968 1098 1099 1134 neque
1142 1083 1424 1124 dominationis

91 1156 287 1187 certamen
318 1148 419 1188 inter
449 1149 546 1188 ciuis
577 1157 682 1187 erat:
722 1158 850 1188 metus
880 1149 1030 1188 hostilis
1061 1149 1102 1188 in
1133 1149 1248 1188 bonis
1279 1149 1424 1188 artibus

91 1213 290 1252 ciuitatem
312 1213 514 1253 retinebat.
571 1215 638 1253 sed
661 1215 727 1252 ubi
748 1215 813 1252 illa
833 1215 1002 1254 formido
1022 1214 1221 1253 mentibus
1242 1214 1421 1262 decessit,
1444 1227 1466 1263 3

92 1276 238 1315 scilicet
258 1290 313 1325 ea,
337 1291 438 1327 quae
457 1291 517 1316 res
538 1280 734 1317 secundae
754 1286 899 1326 amant,
922 1278 1083 1317 lasciuia
1101 1287 1221 1329 atque
1242 1278 1424 1329 superbia

91 1341 295 1380 incessere.
354 1344 406 1381 ita
436 1344 546 1392 quod
579 1342 619 1380 in
650 1344 826 1382 aduorsis
860 1346 978 1383 rebus
1012 1352 1246 1394 optauerant
1284 1344 1420 1390 otium,
1442 1354 1467 1387 4

91 1413 300 1456 postquam
329 1407 464 1457 adepti
493 1416 595 1454 sunt,
623 1408 796 1457 asperius
826 1408 1085 1459 acerbiusque
1111 1408 1192 1447 fuit.
1252 1422 1422 1459 namque
1443 1423 1463 1461 5

92 1483 257 1520 coepere
294 1472 478 1511 nobilitas
516 1472 758 1522 dignitatem,
793 1475 963 1523 populus
999 1474 1219 1513 libertatem
1253 1474 1294 1512 in
1326 1475 1422 1513 lubi-

93 1538 225 1576 dinem
264 1546 442 1576 uortere:
480 1537 552 1575 sibi
585 1537 752 1587 quisque
790 1539 933 1577 ducere
971 1540 1124 1578 trahere
1161 1552 1307 1589 rapere.
1370 1539 1424 1578 ita

92 1603 225 1642 omnia
261 1603 302 1641 in
341 1604 438 1641 duas
477 1602 596 1652 partis
634 1604 830 1641 abstracta
868 1612 968 1650 sunt,
1010 1617 1071 1643 res
1109 1605 1280 1654 publica,
1320 1618 1422 1654 quae

91 1666 222 1705 media
247 1667 383 1713 fuerat,
408 1665 629 1703 dilacerata.
687 1674 860 1705 ceterum
887 1667 1072 1706 nobilitas
1099 1668 1272 1706 factione
1300 1667 1421 1717 magis
1441 1673 1463 1709 6

91 1731 276 1780 pollebat,
306 1729 433 1779 plebis
471 1729 530 1767 uis
568 1730 695 1768 soluta
733 1738 850 1780 atque
889 1732 1063 1781 dispersa
1098 1732 1140 1770 in
1173 1732 1422 1771 multitudine

91 1794 219 1833 minus
239 1802 399 1844 poterat.
455 1807 671 1844 paucorum
691 1795 850 1833 arbitrio
872 1796 963 1834 belli
983 1795 1172 1845 domique
1192 1797 1418 1846 agitabatur,
1443 1813 1462 1849 7

92 1873 213 1910 penes
257 1860 418 1898 eosdem
456 1859 657 1905 aerarium,
698 1859 939 1908 prouinciae,
978 1860 1244 1910 magistratus,
1276 1863 1421 1910 gloriae

93 1913 359 1974 triumphique
385 1931 521 1963 erant:
551 1924 722 1973 populus
747 1923 885 1961 militia
910 1931 1029 1973 atque
1049 1924 1182 1974 inopia
1202 1926 1419 1975 urgebatur,

93 1990 257 2038 praedas
276 1988 436 2027 bellicas
452 1987 809 2037 imperatores—cum
824 1987 961 2037 paucis
977 1987 1224 2038 diripiebant.
1273 1988 1421 2027 interea
1441 1995 1463 2029 8

94 2061 273 2103 parentes
292 2060 359 2091 aut
379 2051 489 2103 parui
508 2051 619 2090 liberi
638 2051 817 2100 militum,
838 2052 894 2091 uti
915 2052 1079 2102 quisque
1099 2053 1310 2103 potentiori
1331 2067 1420 2092 con-

93 2116 180 2154 finis
200 2125 290 2164 erat,
308 2117 468 2155 sedibus
483 2118 739 2165 pellebantur.
784 2116 838 2155 ita
853 2130 942 2155 cum
958 2117 1136 2168 potentia
1156 2117 1317 2155 auaritia
1337 2117 1420 2155 sine
1441 2130 1463 2165 9

95 2181 215 2218 modo
235 2180 507 2230 modestiaque
527 2181 724 2227 inuadere,
742 2181 916 2230 polluere
936 2189 974 2219 et
994 2189 1147 2219 uastare
1167 2181 1310 2227 omnia,
1325 2181 1421 2218 nihil

95 2245 207 2295 pensi
232 2258 359 2294 neque
387 2245 511 2283 sancti
537 2246 692 2292 habere,
721 2245 853 2293 quoad
878 2252 1003 2283 semet
1029 2245 1114 2294 ipsa
1140 2245 1418 2294 praecipitauit.
