1596 2495
139 82 184 105 10
250 82 256 86 ·
523 68 564 104 C.
605 67 897 105 SALLUSTJ
933 70 1131 107 CRISPJ

134 169 344 207 amicitiam
376 183 398 207 a
430 170 542 207 uobis
574 170 718 219 recepti
757 178 857 217 sunt,
891 179 955 209 aut
996 171 1033 208 in
1073 172 1152 210 suis
1186 173 1314 210 dubiis
1348 177 1462 212 rebus

134 234 362 272 societatem
415 243 585 272 uostram
635 234 921 285 adpetiuerunt.
998 236 1143 273 familia
1192 245 1323 275 nostra
1372 252 1460 276 cum

134 301 282 349 populo
323 301 506 338 Romano
545 300 648 338 bello
688 299 999 349 Carthaginiensi
1034 300 1245 338 amicitiam
1286 301 1459 347 instituit,

134 377 213 412 quo
244 372 420 412 tempore
450 362 572 412 magis
600 364 697 401 fides
723 362 805 402 eius
833 377 950 413 quam
980 365 1134 402 fortuna
1163 366 1340 414 petunda
1368 373 1459 404 erat.

92 430 114 465 6
135 441 299 477 quorum
333 427 559 476 progeniem
599 441 681 474 uos,
717 436 846 478 patres
878 428 1100 479 conscripti,
1137 430 1257 468 nolite
1288 431 1368 480 pati
1400 444 1462 469 me

95 507 112 542 7
137 500 321 541 nepotem
350 491 583 530 Masinissae
610 493 747 531 frustra
767 506 790 531 a
810 492 924 531 uobis
951 493 1136 531 auxilium
1157 502 1300 544 petere.
1359 495 1390 532 si
1411 496 1462 533 ad

135 556 424 605 impetrandum
463 556 558 594 nihil
597 570 737 595 causae
781 558 965 596 haberem
1008 565 1159 607 praeter
1201 558 1461 597 miserandam

135 622 342 667 fortunam,
373 622 481 669 quod
511 622 632 669 paulo
661 629 753 660 ante
781 635 847 660 rex
875 636 1029 672 genere,
1059 623 1162 661 fama
1190 630 1310 672 atque
1340 623 1462 673 copiis

134 694 286 736 potens,
327 700 432 724 nunc
476 687 714 725 deformatus
759 688 965 733 aerumnis,
1011 688 1137 738 inops,
1176 688 1323 727 alienas
1367 702 1463 739 opes

134 760 311 800 expect0‚
348 759 479 790 tamen
513 759 593 790 erat
628 751 843 800 maiestatis
878 753 1011 802 populi
1048 753 1220 791 Romani
1255 753 1462 802 prohibere

134 817 311 854 iniuriam
335 830 463 866 neque
484 818 562 866 pati
591 817 818 866 cuiusquam
844 830 1005 866 regnum
1033 830 1103 867 per
1125 819 1253 855 scelus
1277 831 1460 857 crescere.

95 883 115 917 S
135 895 268 920 uerum
304 895 377 931 ego
416 881 470 920 eis
503 881 645 920 finibus
679 881 826 919 eiectus
860 895 959 928 sum,
992 894 1091 930 quos
1126 882 1335 921 maioribus
1366 882 1462 921 meis

135 946 303 995 populus
342 947 546 984 Romanus
583 945 704 991 dedit,
738 946 844 984 unde
884 953 992 995 pater
1030 953 1068 984 et
1105 959 1202 984 auos
1240 960 1350 985 meus
1385 961 1463 985 una

135 1010 341 1048 uobiscum
379 1011 565 1060 expulere
598 1010 817 1060 Syphacem
852 1018 891 1048 et
925 1010 1271 1060 Carthaginiensis.
1331 1021 1463 1051 uostra

135 1075 315 1114 benificia
350 1075 444 1113 mihi
478 1083 610 1125 erepta
645 1083 746 1122 sunt,
779 1083 908 1125 patres
942 1076 1165 1126 conscripti,
1196 1090 1267 1115 uos
1301 1076 1340 1114 in
1375 1091 1462 1117 mea

93 1149 114 1183 9
134 1139 272 1177 iniuria
297 1140 473 1190 despecti
500 1139 602 1178 estis.
661 1140 761 1178 eheu
788 1153 852 1179 me
878 1139 1085 1179 miserum!
1115 1141 1268 1188 hucine,
1294 1141 1463 1191 Micipsa

135 1215 255 1256 pater,
278 1205 458 1244 benificia
484 1213 551 1243 tua
576 1218 736 1243 euasere
762 1213 815 1252 ut,
845 1218 962 1254 quem
989 1212 1032 1243 tu
1059 1218 1192 1254 parem
1221 1219 1309 1243 cum
1332 1207 1462 1246 liberis

134 1271 209 1309 tuis
238 1271 424 1320 regnique
450 1269 680 1319 participem
709 1269 844 1316 fecisti,
866 1271 897 1308 is
927 1269 1189 1319 potissumum
1216 1270 1345 1320 stirpis
1373 1280 1462 1311 tuae

135 1335 325 1373 extinctor
351 1335 429 1373 sit?
461 1347 730 1384 numquamne
756 1347 848 1383 ergo
875 1333 1020 1372 familia
1044 1342 1176 1372 nostra
1203 1335 1334 1384 quieta
1364 1337 1463 1375 erit?

73 1414 116 1436 to
136 1414 340 1450 semperne
369 1399 409 1437 in
438 1399 628 1449 sanguine
654 1400 753 1437 ferro
779 1400 868 1448 fuga
897 1399 1144 1437 uorsabitur?
1181 1400 1459 1453 dum-Cartha-

135 1465 330 1515 ginienses
364 1464 581 1502 incolumes
611 1465 728 1510 suere,
762 1464 843 1501 iure
876 1464 1009 1502 omnia
1042 1477 1161 1502 saeua
1195 1464 1461 1513 patiebamur:

134 1528 266 1566 hostes
303 1529 353 1565 ab
386 1529 516 1573 latere,
553 1540 624 1565 uos
656 1526 773 1565 amici
806 1528 954 1576 procul,
985 1540 1075 1576 spes
1109 1527 1239 1566 omnis
1273 1529 1312 1565 in
1346 1528 1461 1566 armis

135 1601 226 1632 erat.
296 1600 504 1643 postquam
550 1591 616 1630 illa
659 1591 780 1641 pestis
825 1605 872 1629 ex
915 1591 1047 1630 Africa
1089 1591 1215 1630 eiecta
1257 1601 1325 1640 est,
1372 1594 1462 1632 laeti

136 1671 273 1707 pacem
311 1657 564 1706 agitabamus,
605 1656 751 1705 quippe
789 1655 876 1705 quis
921 1655 1043 1694 hostis
1088 1657 1218 1694 nullus
1256 1664 1347 1702 erat,
1388 1657 1460 1695 nisi

73 1735 112 1757 11
137 1723 235 1760 forte
269 1735 387 1771 quem
423 1734 494 1759 uos
522 1719 742 1760 iussissetis.
801 1733 894 1758 ecce
927 1729 1058 1758 autem
1093 1733 1140 1758 ex
1169 1720 1368 1770 inprouiso
1398 1723 1460 1759 Iu-

135 1786 283 1835 gurtha,
324 1785 569 1823 intoleranda
605 1783 782 1831 audacia,
821 1785 966 1822 scelere
1004 1791 1121 1832 atque
1159 1784 1340 1834 superbia
1377 1797 1461 1823 sese

137 1851 321 1895 ecferens,
344 1851 457 1888 fratre
478 1862 568 1887 meo
587 1856 706 1898 atque
733 1849 875 1887 eodem
901 1848 1122 1898 propinquo
1150 1862 1221 1887 suo
1245 1849 1459 1894 interfecto,

137 1913 303 1962 primum
333 1928 494 1964 regnum
523 1914 607 1953 eius
636 1913 790 1952 sceleris
824 1913 884 1950 sui
912 1914 1096 1962 praedam
1130 1913 1233 1958 fecit,
1263 1921 1363 1962 post,
1396 1913 1459 1951 ubi

137 1991 200 2016 me
238 1978 386 2017 eisdem
426 1979 526 2016 dolis
566 1978 701 2027 nequit
740 1990 891 2027 capere,
928 1976 1022 2014 nihil
1061 1977 1190 2015 minus
1228 1991 1345 2026 quam
1380 1977 1459 2015 uim

137 2050 203 2080 aut
235 2044 380 2080 bellum
416 2051 690 2092 expectantem
723 2041 762 2079 in
795 2041 958 2091 imperio
992 2050 1137 2087 nostro,
1172 2041 1273 2079 sicut
1307 2041 1458 2087 uidetis,

139 2111 330 2142 extorrem
377 2105 512 2153 patria,
557 2105 692 2148 domo,
737 2102 897 2152 inopem
942 2111 981 2141 et
1025 2110 1253 2152 coopertum
1299 2103 1460 2141 miseriis

73 2179 116 2202 12
138 2167 276 2213 effecit,
308 2175 349 2204 ut
383 2169 510 2205 ubiuis
544 2168 664 2205 tutius
699 2180 816 2216 quam
850 2167 890 2203 in
920 2179 1009 2204 meo
1039 2179 1157 2215 regno
1191 2161 1327 2204 essem.
1385 2180 1458 2216 ego

139 2231 193 2268 sic
247 2231 542 2278 existumabam,
598 2241 728 2280 patres
782 2230 1002 2280 conscripti,
1059 2231 1114 2268 uti
1168 2232 1458 2279 praedicantem
