1596 2495
149 119 191 151 14
503 110 543 144 C.
586 109 876 146 SALMWTJ
913 112 1111 149 CRISPJ

103 206 340 256 2attiuge1e.
409 210 478 246 sed
526 222 626 257 quae
672 211 757 247 loca
795 219 833 249 et
872 213 1049 250 nationes
1095 215 1146 251 ob
1184 216 1350 253 calorem
1398 224 1462 254 aut

141 272 400 321 asperitatem,
435 272 527 310 item
563 273 790 312 solitudines
830 275 957 314 minus
995 278 1237 326 frequentata
1275 287 1376 327 sunt,
1413 281 1463 318 de

141 337 196 375 eis
223 337 327 374 haud
357 337 468 374 facile
496 346 740 387 compertum
772 340 1016 379 narrauerim.
1076 350 1203 381 cetera
1229 357 1346 392 quam
1374 358 1462 394 pau-

140 399 317 438 cissumis
346 401 561 438 absoluam.

101 483 121 517 3
224 466 269 501 In
320 464 513 502 diuisione
563 465 668 503 orbis
718 473 841 504 terrae
889 467 1063 517 plerique
1111 469 1148 506 in
1198 478 1306 518 parte
1353 471 1464 509 tertia

142 529 311 566 Africam
353 541 528 578 posuere,
560 529 673 578 pauci
708 533 986 570 tantummodo
1018 532 1151 570 Asiam
1193 542 1229 571 et
1264 536 1461 584 Europam

100 603 121 635 4
140 607 236 641 esse,
264 594 332 631 sed
357 594 524 631 Africam
556 594 594 632 in
623 595 789 644 Europa.
849 609 896 633 ea
922 595 1009 633 finis
1035 597 1153 635 habet
1179 599 1229 635 ab
1258 599 1463 637 occidente

141 659 278 695 fretum
307 657 426 695 nostri
452 659 568 696 maris
595 666 633 696 et
660 659 820 705 Oceani,
850 660 900 697 ab
929 667 1015 697 ortu
1043 661 1136 699 solis
1163 661 1353 700 decliuem
1382 663 1462 701 lati-

101 730 119 767 5
142 721 328 769 tudinem,
346 736 463 772 quem
481 725 610 761 locum
628 725 920 763 Catabathmon
937 724 1088 764 incolae
1104 728 1312 776 appellant.
1358 741 1463 766 mare

141 800 313 829 saeuom‚
344 787 638 836 inportuosum;
677 801 766 837 ager
795 790 945 838 frugum
981 790 1125 833 fertilis,
1160 792 1285 829 bonus
1319 793 1461 841 pecori,

101 854 122 887 6
140 852 276 890 arbore
295 851 526 890 infecundus
541 865 552 899 3
579 854 689 890 caelo
710 860 887 902 terraque
908 854 1067 903 penuria
1087 868 1283 905 aquarum.
1340 870 1462 906 genus

141 916 344 954 hominum
371 917 515 955 salubri
542 930 717 966 corpore,
739 919 867 964 uelox,
896 918 1049 968 patiens
1076 921 1263 957 laborum.
1321 922 1462 970 pleros—

140 994 217 1029 que
246 990 425 1020 senectus
454 981 644 1029 dissoluit,
674 982 747 1020 nisi
775 982 843 1031 qui
872 984 971 1022 ferro
999 991 1065 1022 aut
1094 984 1227 1023 bestiis
1261 984 1462 1025 interiere:

141 1059 230 1083 nam
275 1047 434 1084 morbus
476 1047 580 1085 haud
624 1060 743 1096 saepe
789 1061 1026 1097 quemquam
1072 1056 1238 1097 superat.
1295 1051 1345 1088 ad
1386 1050 1461 1088 hoc

103 1120 120 1154 7
142 1110 295 1147 malifici
322 1109 473 1159 generis
501 1111 676 1159 pluruma
701 1110 893 1148 animalia.
952 1112 1019 1149 sed
1047 1111 1113 1161 qui
1140 1114 1322 1151 mortales
1352 1113 1462 1151 initio

142 1172 310 1211 Africam
355 1174 569 1221 habuerint,
611 1174 755 1223 quique
801 1182 937 1224 postea
981 1175 1229 1221 adcesserint,
1273 1184 1339 1214 aut
1383 1190 1462 1225 quo

142 1237 261 1275 modo
287 1237 386 1275 inter
411 1250 451 1275 se
478 1237 655 1287 permixti
683 1240 770 1285 sint,
799 1252 1035 1288 quamquam
1067 1241 1117 1276 ab
1146 1253 1191 1278 ea
1220 1241 1332 1286 fama,
1362 1254 1461 1289 quac

142 1303 348 1351 plerosque
369 1302 531 1351 optinet,
553 1301 753 1340 diuorsum
774 1311 842 1349 est,
864 1310 994 1341 tamen
1016 1303 1071 1341 uti
1093 1316 1138 1341 ex
1162 1303 1267 1342 libris
1293 1304 1458 1351 Punicis,

141 1365 207 1414 qui
236 1365 334 1415 regis
372 1365 614 1414 Hiempsalis
645 1367 887 1414 dicebantur,
920 1367 1213 1416 interpretatum
1245 1368 1359 1406 nobis
1390 1377 1459 1414 est,

142 1431 274 1479 utique
302 1443 384 1468 rem
414 1443 499 1468 sese
526 1431 670 1470 habere
698 1433 866 1470 cultores
895 1431 977 1469 eius
1010 1439 1133 1470 terrae
1163 1439 1312 1481 putant,
1344 1445 1460 1481 quam

143 1494 398 1543 paucissumis
425 1494 563 1532 dicam.
621 1503 793 1534 ceterum
821 1496 917 1534 fides
946 1495 1028 1533 eius
1057 1495 1109 1533 rei
1140 1509 1258 1545 penes
1285 1504 1460 1535 auctores

141 1559 220 1597 erit.

66 1625 121 1667 18
221 1623 392 1660 Africam
422 1623 534 1661 initio
558 1625 729 1662 habuere
753 1624 909 1662 Gaetuli
935 1632 973 1662 et
1004 1624 1157 1674 Libyes,
1187 1626 1313 1674 asperi
1343 1625 1459 1663 incul-

141 1686 259 1735 tique,
286 1686 373 1735 quis
399 1686 509 1724 cibus
536 1695 615 1725 erat
643 1701 733 1725 caro
760 1688 882 1725 ferina
910 1695 1027 1736 atque
1057 1688 1163 1725 humi
1194 1690 1377 1737 pabulum
1406 1689 1460 1726 uti

102 1762 119 1784 2
140 1750 356 1799 pecoribus.
415 1750 449 1788 ei
471 1763 598 1799 neque
619 1752 791 1790 moribus
811 1765 939 1800 neque
958 1753 1042 1801 lege
1066 1759 1132 1789 aut
1158 1752 1320 1801 imperio
1339 1752 1461 1791 cuius-

140 1827 257 1862 quam
283 1815 539 1864 regebantur:
577 1815 677 1863 uagi,
705 1817 880 1864 palantes
910 1829 1005 1864 quas
1034 1829 1111 1854 nox
1141 1825 1319 1866 coegerat
1348 1819 1460 1856 sedes

99 1892 120 1927 3
141 1878 346 1916 habebant.
406 1879 474 1916 sed
498 1887 705 1928 postquam
731 1880 769 1917 in
797 1880 991 1930 Hispania
1016 1882 1221 1928 Hercules,
1243 1881 1355 1920 sicuti
1378 1884 1459 1920 Afri

141 1950 290 1990 putant,
312 1942 466 1989 interiit,
489 1943 678 1982 exercitus
700 1944 781 1982 eius
801 1945 1031 1994 conpositus
1059 1959 1105 1983 ex
1127 1945 1242 1983 uariis
1266 1945 1457 1995 gentibus,

140 2006 284 2044 amisso
311 2007 410 2044 duce
437 2020 481 2044 ac
502 2007 646 2056 passim
668 2008 798 2046 multis
819 2008 893 2046 sibi
917 2009 1081 2058 quisque
1101 2007 1305 2057 imperium
1328 2017 1459 2058 peten-

98 2070 254 2116 4tibus‚
295 2070 403 2108 breui
442 2071 633 2109 dilabitur.
694 2085 741 2110 ex
783 2086 831 2110 eo
873 2085 1036 2110 numero
1081 2073 1201 2118 Medi,
1242 2074 1381 2111 Persae
1421 2081 1458 2110 et

142 2134 328 2179 Armenii,
358 2134 524 2172 nauibus
554 2135 592 2172 in
623 2135 791 2173 Africam
828 2135 1048 2182 transuecti,
1078 2144 1458 2184 proxumosmostro

100 2208 120 2245 5
142 2198 236 2235 mari
266 2199 374 2235 locos
403 2210 661 2247 occupauere,
693 2200 761 2237 sed
794 2202 933 2237 Persae
961 2199 1061 2237 intra
1091 2201 1294 2237 Oceanum
1324 2200 1456 2249 magis,

142 2261 255 2309 eique
289 2263 423 2298 alueos
457 2262 615 2299 nauium
652 2262 829 2299 inuorsos
863 2276 933 2310 pro
968 2263 1125 2312 tuguriis
1159 2264 1338 2306 habuere,
1369 2265 1459 2313 quia
