1596 2495
117 104 165 139 70
479 90 519 127 C.
560 87 850 126 SALLUSTJ
889 86 1089 124 CRISPJ

114 197 164 234 ab
186 189 350 244 negotiis
372 204 585 241 numquam
606 191 790 240 uoluptas
810 196 1013 235 remorata,
1037 187 1110 226 nisi
1130 187 1238 238 quod
1259 188 1309 226 de
1328 199 1449 225 uxore

115 260 242 310 potuit
281 257 482 297 honestius
520 256 696 303 consuli;
735 256 941 302 facundus,
984 254 1150 292 callidus
1195 262 1233 292 et
1277 252 1449 290 amicitia

114 325 261 372 facihs3
294 325 344 362 ad
379 323 599 362 simulanda
633 320 791 370 negotia
824 320 992 358 altitudo
1021 318 1154 368 ingeni
1183 317 1447 366 incredibili53

71 398 96 432 4
116 390 324 427 multarum
351 400 479 426 rerum
505 399 552 424 ae
578 398 763 423 maxume
789 383 980 434 pecuniae
1007 383 1175 434 largitor.
1233 390 1351 433 atque
1380 381 1447 429 illi,

113 450 353 490 felicissumo
374 448 550 488 omnium
571 455 663 486 ante
683 447 842 485 ciuilem
864 445 1079 492 uictoriam,
1101 458 1315 494 numquam
1333 457 1449 494 super

113 515 344 554 industriam
383 515 539 552 fortuna
582 512 663 558 fuit,
710 512 902 560 multique
947 510 1176 548 dubitauere
1222 509 1354 548 fortior
1397 522 1447 547 an

113 580 262 620 felicior
294 586 407 618 esset.
465 591 557 616 nam
591 586 730 627 postea
763 590 865 626 quae
902 576 1047 623 fecerit,
1087 575 1280 613 incertum
1318 575 1447 613 habeo

114 646 262 696 pudeat
291 657 342 683 an
372 643 503 694 pigeat
532 642 655 692 magis
684 642 882 681 disserere.

35 714 95 758 96
196 709 318 760 Igitur
337 710 454 755 Sulla,
475 707 531 746 uti
552 721 670 758 supra
695 707 846 745 dictum
873 713 942 752 est,
970 714 1179 756 postquam
1207 705 1248 742 in
1276 703 1447 742 Africam

113 783 233 826 atque
266 774 306 812 in
340 782 466 812 castra
501 773 601 811 Mari
636 786 727 812 cum
761 771 938 821 equitatu
972 773 1091 817 uenit,
1126 769 1233 808 rudis
1261 776 1378 808 antea
1411 777 1449 807 et

113 840 269 890 ignarus
289 839 393 885 belli,
411 839 714 876 sollertissumus
735 836 911 875 omnium
932 835 971 873 in
993 834 1128 885 paucis
1149 833 1450 884 tempestatibus

75 920 93 943 2
114 906 238 944 factus
260 913 329 943 est.
388 904 438 942 ad
460 905 537 942 hoc
556 902 699 940 milites
720 901 889 952 benigne
909 902 1131 951 appellare3
1161 900 1291 938 multis
1315 913 1450 949 rogan-

114 970 228 1016 tibus,
256 969 342 1008 aliis
370 982 440 1020 per
465 981 507 1007 se
534 967 619 1018 ipse
646 968 737 1005 dare
763 965 957 1014 benificia,
986 966 1132 1004 inuitus
1161 965 1352 1015 accipere,
1380 966 1448 1004 sed

115 1049 163 1074 ea
191 1034 464 1086 properantius
494 1046 612 1083 quam
642 1045 709 1071 aes
737 1040 917 1070 mutuum
947 1033 1122 1079 reddere,
1154 1032 1239 1081 ipse
1265 1033 1314 1070 ab
1341 1032 1450 1070 nullo

115 1109 302 1150 repetere,
328 1098 452 1149 magis
479 1098 520 1136 id
547 1097 725 1136 laborare
752 1104 794 1134 ut
821 1096 874 1134 illi
902 1108 1019 1146 quam
1047 1095 1215 1145 plurumi
1236 1096 1424 1134 deberent
1439 1109 1450 1143 3

73 1166 204 1209 3ioca
236 1173 355 1215 atque
389 1164 487 1203 seria
520 1177 610 1201 cum
649 1161 891 1201 humillumis
930 1174 1055 1211 agere,
1097 1161 1136 1199 in
1175 1161 1368 1211 operibus,
1411 1161 1450 1198 in

115 1230 271 1280 agmine
291 1237 409 1279 atque
429 1229 480 1266 ad
501 1227 651 1278 uigilias
672 1226 816 1266 multus
837 1227 986 1272 adesse,
1005 1239 1132 1275 neque
1152 1225 1317 1272 interim,
1341 1226 1450 1274 quod

116 1309 237 1346 praua
265 1293 428 1333 ambitio
462 1293 572 1338 solet,
607 1291 778 1330 consulis
811 1298 878 1328 aut
911 1290 1142 1339 cuiusquam
1177 1289 1272 1327 boni
1305 1291 1448 1327 famam

116 1361 294 1398 laedere:
324 1358 602 1396 tantummodo
629 1369 760 1405 neque
785 1355 950 1393 consilio
976 1367 1104 1402 neque
1133 1367 1251 1392 manu
1281 1354 1449 1404 priorem

74 1441 98 1474 4
116 1425 233 1464 alium
264 1423 358 1474 pati,
389 1424 596 1473 plerosque
625 1422 863 1460 anteuenire.
922 1420 1063 1470 quibus
1092 1420 1206 1458 rebus
1237 1428 1274 1458 et
1303 1419 1450 1458 artibus

116 1489 226 1529 breui
248 1488 375 1526 Mario
397 1487 662 1536 militibusque
683 1487 918 1524 carissumus
938 1486 1071 1523 factus.

39 1554 97 1598 97
198 1556 252 1592 At
273 1554 469 1603 Iugurtha,
494 1560 703 1601 postquam
724 1550 915 1601 oppidum
939 1551 1112 1599 Capsam
1139 1549 1315 1599 aliosque
1340 1550 1449 1589 locos

117 1620 289 1658 munitos
316 1626 355 1656 et
381 1617 453 1656 sibi
481 1617 596 1663 utilis,
625 1616 741 1655 simul
767 1623 805 1654 et
825 1628 1008 1665 magnam
1030 1614 1235 1664 pecuniam
1256 1615 1447 1662 amiserat,

117 1686 167 1723 ad
198 1685 400 1722 Bocchum
431 1682 590 1720 nuntios
620 1680 750 1719 misit:
785 1693 902 1730 quam
939 1680 1109 1730 primum
1144 1679 1183 1717 in
1220 1680 1448 1719 Numidiam

78 1765 96 1788 2
119 1749 251 1799 copias
282 1749 524 1787 adduceret:
559 1745 683 1796 proeli
717 1745 889 1784 faciundi
924 1753 1080 1795 tempus
1114 1747 1263 1785 adesse.
1332 1759 1448 1796 quem

118 1813 183 1852 ubi
213 1813 387 1851 cunctari
417 1812 571 1862 accepit
600 1818 639 1849 et
668 1809 832 1849 dubium
863 1809 955 1849 belli
989 1817 1106 1860 atque
1139 1810 1247 1861 pacis
1280 1810 1449 1849 rationes

119 1880 281 1923 trahere,
321 1891 448 1916 rursus
486 1877 543 1915 uti
580 1884 697 1915 antea
736 1889 945 1926 proxumos
984 1875 1066 1914 eius
1104 1876 1218 1914 donis
1256 1876 1448 1925 conrupit‚

118 1942 271 1992 ipsique
302 1944 443 1980 Mauro
473 1941 680 1991 pollicetur
710 1940 922 1978 Numidiae
952 1948 1102 1989 partem
1132 1940 1297 1986 tertiam,
1325 1939 1356 1977 si
1384 1949 1449 1979 aut

120 2008 293 2046 Romani
332 2008 464 2046 Africa
502 2006 653 2056 expulsi
691 2014 759 2044 aut
797 2005 955 2055 integris
994 2005 1072 2043 suis
1115 2005 1258 2044 finibus
1304 2007 1448 2044 bellum

77 2084 98 2120 3
118 2071 366 2120 conpositum
389 2072 498 2108 foret.
545 2083 591 2108 eo
613 2069 788 2119 praemio
809 2068 973 2107 inlectus
996 2068 1176 2106 Bocchus
1197 2081 1286 2106 cum
1308 2081 1450 2118 magna

118 2135 370 2173 multitudine
392 2135 617 2184 Iugurtham
641 2133 803 2172 accedit.
863 2133 916 2170 ita
934 2134 1140 2171 amborum
1162 2133 1332 2187 exercitu
1358 2146 1450 2171 con-

117 2201 251 2238 iuncto
282 2199 453 2237 Marium
483 2199 561 2236 iam
591 2198 631 2236 in
661 2198 824 2236 hiberna
850 2197 1162 2246 proficiscentem
1191 2197 1256 2234 uix
1282 2197 1449 2235 decuma

117 2272 227 2314 parte
247 2263 310 2302 die
329 2263 478 2312 reliqua
499 2263 702 2309 inuadunt,
724 2263 794 2300 rati
816 2270 987 2308 noctem,
1010 2274 1111 2311 quae
1132 2261 1209 2299 iam
1235 2262 1381 2308 aderat,
1410 2270 1448 2300 et
