1596 2495
375 108 463 144 DE
499 107 697 144 BELLO
735 108 1133 146 IUGURTHJNO
1367 120 1415 158 53

89 211 287 250 Numidae
307 214 358 249 ab
380 212 566 261 Iugurtha
584 224 655 262 pro
676 220 852 261 tempore
873 211 996 260 parati
1018 211 1299 260 instructique3
1325 211 1414 250 dein

87 275 277 324 proelium
316 275 508 325 incipitur.
567 289 644 326 qua
682 276 722 314 in
760 284 870 326 parte
903 289 970 314 rex
1002 288 1156 325 pugnae
1191 276 1326 322 adfuit,
1361 275 1415 315 ibi
1436 291 1456 326 3

86 340 326 389 aliquamdiu
371 348 584 380 certatum:
630 341 747 380 ceteri
792 341 874 380 eius
920 352 1058 378 omnes
1103 339 1244 378 milites
1288 340 1415 390 primo

86 417 296 454 congressu
325 405 427 455 pulsi
456 406 667 455 fugatique.
728 405 900 444 Romani
929 404 1128 453 signorum
1157 413 1194 442 et
1219 418 1413 444 armorum

85 470 288 519 aliquanto
304 483 479 517 numero,
498 471 669 508 hostium
686 483 898 520 paucorum
920 468 1033 519 potiti
1050 484 1057 507 :
1081 482 1172 507 nam
1193 471 1314 509 ferme
1334 472 1413 508 Nu-

85 535 200 574 midis
221 535 259 573 in
281 535 464 574 omnibus
485 535 642 585 proeliis
663 534 784 585 magis
804 535 926 584 pedes
947 547 1065 583 quam
1083 547 1190 572 arma
1204 542 1290 573 tuta
1309 544 1410 573 sunt.

166 601 224 638 Ea
253 601 343 650 fuga
372 602 561 651 Iugurtha
590 600 792 649 inpensius
822 600 944 637 modo
973 600 1089 637 rebus
1120 599 1197 637 suis
1231 601 1412 638 diffidens
1431 598 1490 643 ’75

85 679 172 703 cum
194 666 361 716 perfugis
384 674 420 705 et
442 674 551 715 parte
571 665 766 714 equitatus
793 664 833 701 in
861 663 1103 710 solitudines,
1132 664 1224 703 dein
1245 666 1411 703 Thalam

84 730 272 779 peruenit,
321 729 362 767 in
409 729 602 779 oppidum
648 741 835 778 magnum
883 735 1003 776 atque
1050 729 1289 777 opulentum,
1344 729 1410 768 ubi

83 794 256 844 plerique
289 795 459 832 thesauri
493 794 737 843 filiorumque
771 794 852 831 eius
886 794 1031 831 multus
1065 793 1254 842 pueritiae
1283 795 1410 832 cultus

83 867 171 898 erat.
232 872 332 909 quae
367 868 576 909 postquam
612 859 777 897 Metello
812 865 1000 906 conperta
1033 866 1135 905 sunt,
1171 871 1409 908 quamquam
1433 870 1451 893 2

83 924 182 962 inter
207 925 374 962 Thalam
401 924 627 973 flumenque
653 935 886 973 proxumum
914 923 952 959 in
981 921 1108 972 spatio
1132 923 1282 961 milium
1303 923 1410 972 quin-

82 989 267 1038 quaginta
286 990 373 1027 loca
392 989 498 1027 arida
525 996 643 1038 atque
669 997 781 1026 uasta
807 1000 891 1026 esse
918 996 1164 1037 cognoverat,
1185 997 1318 1027 tamen
1339 1002 1409 1037 spe

83 1054 262 1103 patrandi
282 1053 385 1100 belli,
409 1053 440 1091 si
460 1054 542 1092 eius
563 1053 699 1104 oppidi
720 1052 865 1103 potitus
893 1053 1004 1097 foret,
1032 1052 1159 1090 omnis
1183 1054 1408 1102 asperitates

81 1119 341 1168 superuadere
374 1131 421 1157 ac
455 1127 633 1156 naturam
667 1119 785 1157 etiam
820 1118 977 1156 uincere
1007 1117 1235 1167 aggreditur.
1295 1118 1409 1168 igitur
1430 1129 1450 1165 3

81 1183 214 1221 onmia
243 1183 418 1222 iumenta
446 1183 607 1222 sarcinis
636 1183 757 1222 leuari
784 1182 895 1221 iubet
923 1182 997 1220 nisi
1027 1184 1222 1220 frumento
1257 1182 1407 1221 dierum

81 1249 231 1292 decem,
264 1256 436 1286 ceterum
466 1248 560 1286 utris
591 1249 712 1286 modo
742 1254 781 1287 et
816 1247 891 1285 alia
923 1260 1049 1296 aquae
1077 1247 1221 1286 idonea
1249 1248 1405 1297 portari.

81 1321 281 1362 praeterea
307 1313 503 1363 conquirit
530 1326 576 1351 ex
603 1313 701 1363 agris
729 1326 845 1362 quam
870 1313 1097 1361 plurumum
1117 1321 1248 1362 potest
1268 1314 1405 1352 domiti
1427 1322 1450 1354 4

80 1378 242 1427 pecoris.
301 1391 349 1417 eo
388 1378 540 1428 inponit
580 1391 675 1416 uasa
712 1377 902 1427 cuiusque
940 1377 1060 1423 modi,
1105 1378 1175 1416 sed
1220 1379 1406 1428 pleraque

81 1442 217 1492 lignea,
248 1444 431 1480 conlecta
457 1455 504 1480 ex
530 1442 691 1492 tuguriis
719 1441 991 1479 Numidarum.
1049 1442 1097 1479 ad
1123 1442 1199 1479 hoc
1219 1442 1405 1480 finitumis
1427 1453 1446 1490 5

80 1506 255 1555 imperat,
287 1506 354 1555 qui
383 1519 424 1544 se
453 1515 541 1555 post
571 1505 668 1556 regis
698 1506 829 1555 fugam
860 1507 1024 1544 Metello
1053 1506 1254 1553 dederant,
1287 1521 1405 1557 quam

79 1571 300 1620 plurumum
340 1570 507 1619 quisque
544 1582 670 1619 aquae
703 1578 899 1619 portaret:
939 1570 1043 1608 diem
1079 1572 1300 1620 locumque,
1337 1559 1426 1610 ubi'

79 1643 233 1684 praesto
254 1634 406 1681 fuerint,
425 1636 624 1684 praedicit.
672 1635 757 1684 ipse
777 1648 824 1673 ex
842 1634 1013 1680 flumine,
1032 1648 1151 1684 quam
1173 1649 1403 1686 proxumam
1425 1640 1447 1675 6

79 1699 225 1748 oppido
245 1712 387 1747 aquam
409 1713 493 1738 esse
513 1713 629 1749 supra
648 1699 827 1746 diximus,
844 1700 1019 1738 iumenta
1039 1708 1196 1739 onerat:
1218 1714 1266 1740 eo
1281 1703 1403 1740 modo

78 1764 287 1802 instructus
316 1765 366 1801 ad
395 1765 559 1802 Thalam
590 1764 856 1814 proficiscitur.
915 1764 1059 1803 deinde
1088 1766 1155 1803 ubi
1184 1767 1234 1804 ad
1261 1767 1300 1804 id
1327 1767 1402 1804 loci
1425 1776 1443 1812 7

78 1836 252 1876 uentum,
283 1841 362 1878 quo
391 1828 574 1867 Numidis
600 1837 863 1878 praeceperat,
891 1837 929 1868 et
950 1837 1075 1866 castra
1093 1829 1222 1878 posita
1241 1831 1402 1869 munita>

78 1905 155 1940 que
175 1900 276 1939 sunt„
297 1900 405 1930 tanta
424 1900 584 1942 repente
605 1893 717 1930 caelo
743 1891 860 1930 missa
886 1892 945 1930 uis
971 1906 1098 1941 aquae
1123 1893 1272 1940 dicitur,
1296 1902 1338 1932 ut
1357 1907 1403 1933 ea

79 1957 199 1994 modo
228 1955 410 1994 exercitui
440 1956 531 1994 satis
558 1969 752 2005 superque
780 1958 887 1995 foret.
946 1965 1145 2007 praeterea
1173 1967 1401 1997 conmeatus
1421 1962 1444 1998 8

78 2033 147 2068 spe
193 2020 368 2069 amplior,
419 2021 510 2069 quia
559 2020 766 2066 Numidae,
817 2021 930 2059 sicuti
976 2021 1152 2071 plerique
1205 2022 1245 2059 in
1297 2036 1402 2061 noua

77 2084 289 2129 deditione,
328 2085 456 2122 officia
493 2085 751 2123 intenderant.
821 2095 993 2124 ceterum
1037 2086 1178 2124 milites
1215 2087 1443 2141 religione9

77 2147 209 2196 pluuia
234 2148 356 2197 magis
383 2150 454 2194 usi,
482 2161 608 2197 eaque
634 2161 694 2186 res
718 2150 884 2201 >multum
912 2149 1050 2186 animis
1076 2163 1212 2188 eorum
1236 2151 1396 2189 addidit.

77 2224 167 2248 nam
194 2211 265 2248 rati
291 2224 376 2249 sese
402 2211 461 2249 dis
487 2212 761 2250 inmortalibus
787 2226 903 2251 curae
923 2226 1016 2251 esse.
1076 2214 1222 2253 deinde
1242 2224 1400 2263 postero

77 2274 140 2312 die
177 2284 313 2312 contra
350 2275 579 2324 opinionem
620 2278 828 2325 Iugurthae
865 2279 917 2315 ad
954 2278 1117 2315 Thalam
1156 2278 1396 2328 perueniunt.
