1596 2495
102 113 115 138 1
125 102 147 136 ὃ
460 101 499 137 C.
543 100 686 137 SALL
696 99 767 137 US
771 100 811 137 T
805 101 834 136 l
871 99 905 136 C
905 100 1069 135 lelSPl

95 218 118 242 a
154 202 330 252 Micipsa,
368 216 447 241 non
482 202 645 251 penuria
677 203 886 240 liberorum
923 201 961 238 in
996 214 1157 251 regnum
1193 202 1425 251 adoptatum

54 282 75 318 3
96 281 191 306 esse.
250 274 423 305 ceterum
453 279 534 316 quo
563 267 673 316 plura
702 267 805 304 bene
839 272 957 314 atque
992 274 1147 304 strenue
1182 267 1346 312 fecisset,
1379 279 1426 304 eo

54 341 77 374 4
95 331 271 370 animum
293 344 405 369 suum
433 330 613 368 iniuriam
641 329 770 368 minus
797 331 972 368 tolerare.
1030 331 1298 369 Adherbalem
1325 330 1427 369 dolis

96 397 198 435 uitae
228 409 320 435 suae
354 395 606 443 insidiatum3
643 397 753 445 quod
786 395 855 434 ubi
889 395 1142 445 conperisset,
1174 395 1310 434 sceleri
1345 395 1426 434 eius

96 461 254 502 obuiam
282 460 367 500 isse.
426 461 618 511 populum
650 462 879 498 Romanum
908 472 1037 509 neque
1066 467 1170 498 recte
1198 472 1328 509 neque
1356 473 1427 510 pro

96 529 204 566 bono
234 528 438 574 facturum,
468 526 500 564 si
529 527 578 565 ab
608 525 690 564 iure
715 524 889 575 gentium
917 537 1002 562 sese
1029 522 1282 573 prohibuerit.
1340 537 1427 574 pos-

95 601 220 632 tremo
250 592 300 630 de
329 590 515 630 omnibus
544 591 659 629 rebus
689 592 839 640 legatos
868 591 1039 627 Romam
1068 589 1178 627 breui
1203 589 1423 628 missurum.

54 667 74 705 5
95 658 149 697 ita
174 656 327 706 utrique
355 655 631 706 digrediuntur.
692 654 927 694 Adherbalis
953 654 1180 704 adpellandi
1207 654 1320 704 copia
1346 668 1427 694 non

16 724 75 768 23
94 722 176 761 fuit.
236 722 424 772 Iugurtha
453 720 521 759 ubi
550 733 617 759 eos
648 719 779 758 Africa
811 719 1027 760 decessisse
1059 728 1164 759 ratus
1198 728 1267 767 est,
1299 734 1427 771 neque

94 795 254 838 propter
279 785 357 825 loci
382 793 559 824 naturam
584 784 734 825 Cirtam
761 784 877 823 armis
905 797 1128 835 expugnare
1154 792 1296 834 potest,
1323 786 1426 823 vallo

94 860 212 902 atque
240 853 345 891 fossa
372 850 531 890 moenia
564 850 791 896 circumdat,
823 851 936 889 turris
969 850 1111 889 extruit
1144 863 1289 900 easque
1319 864 1427 901 prae-

95 917 203 956 sidiis
226 919 364 963 firmat,
387 923 590 966 praeterea
609 915 694 954 dies
714 915 922 966 noctisque
941 923 1009 954 aut
1033 928 1104 965 per
1129 915 1209 953 uim
1235 923 1301 954 aut
1325 915 1426 954 dolis

95 989 298 1032 temptare,
344 980 614 1020 defensoribus
663 979 863 1019 moenium
912 979 1083 1030 praemia
1127 980 1259 1027 modo,
1305 981 1427 1019 modo

96 1047 346 1087 formidinem
373 1053 582 1094 ostentare,
607 1060 699 1085 suos
726 1047 923 1085 hortando
952 1047 1005 1084 ad
1030 1045 1213 1084 uirtutem
1240 1045 1425 1095 adrigere,

56 1124 74 1149 2
96 1127 252 1163 prorsus
290 1113 464 1151 intentus
502 1120 645 1150 cuncta
683 1125 829 1161 parare.
887 1111 1088 1150 Adherbal
1127 1110 1194 1149 ubi
1237 1110 1427 1161 intellegit

96 1179 224 1219 omnis
263 1193 351 1217 suas
390 1180 563 1216 fortunas
602 1178 641 1215 in
680 1185 855 1216 extremo
893 1177 996 1224 sitas,
1036 1178 1190 1216 hostem
1228 1177 1424 1225 infestum,

96 1243 211 1283 auxili
245 1257 355 1294 spem
389 1245 548 1290 nullam,
583 1242 746 1294 penuria
782 1256 909 1282 rerum
942 1241 1247 1281 necessariarum
1280 1242 1425 1280 bellum

97 1309 194 1348 trahi
227 1322 308 1347 non
338 1322 463 1358 posse,
496 1322 544 1347 ex
572 1309 627 1347 eis
657 1308 725 1358 qui
754 1321 832 1345 una
862 1307 1010 1347 Cirtam
1044 1308 1294 1357 profugerant
1327 1308 1426 1346 duos

97 1387 277 1412 maxume
306 1373 489 1423 impigros
513 1372 668 1423 delegit.
727 1385 795 1411 eos
822 1373 946 1410 multa
972 1371 1199 1421 pollicendo
1226 1384 1272 1409 ac
1298 1371 1427 1410 miser-

96 1441 202 1478 ando
235 1452 368 1477 casum
404 1451 515 1476 suum
551 1440 758 1476 confirmat
792 1437 848 1475 uti
881 1450 949 1487 per
982 1436 1154 1475 hostium
1189 1436 1427 1476 munitiones

17 1499 78 1543 24
96 1512 216 1542 noctu
245 1505 296 1542 ad
325 1517 560 1553 proxumum
590 1516 707 1550 mare,
740 1502 833 1541 dein
867 1504 1038 1541 Romam
1072 1510 1288 1552 pergerent.
1349 1504 1427 1540 Nu-

96 1569 226 1608 midae
264 1569 398 1619 paucis
437 1568 576 1607 diebus
614 1568 718 1606 iussa
762 1567 945 1606 efficiunt.
1004 1568 1154 1606 litterae
1192 1567 1425 1606 Adherbalis

97 1636 136 1674 in
166 1644 304 1674 senatu
334 1635 528 1680 recitatae,
561 1646 727 1683 quarum
757 1632 952 1671 sententia
981 1633 1077 1671 haec
1106 1633 1187 1671 fuit.

58 1712 76 1735 2
181 1702 297 1738 ‘Non
331 1712 420 1737 mea
453 1700 570 1748 culpa
604 1711 722 1747 saepe
755 1698 806 1736 ad
841 1710 913 1735 uos
947 1705 1099 1735 oratum
1137 1698 1261 1744 mitto,
1298 1705 1425 1748 patres

97 1763 318 1814 conscripti,
355 1765 424 1802 sed
459 1764 516 1802 uis
549 1764 759 1813 Iugurthae
794 1762 948 1812 subigit,
986 1776 1104 1812 quem
1143 1770 1251 1801 tanta
1290 1763 1425 1801 lubido

97 1829 351 1881 extinguendi
371 1843 434 1868 me
454 1828 606 1877 inuasit,
630 1836 672 1867 ut
693 1841 822 1877 neque
844 1840 916 1866 uos
937 1841 1068 1877 neque
1089 1828 1185 1866 deos
1210 1827 1426 1866 inmortalis

96 1896 137 1934 in
170 1896 303 1934 animo
336 1896 504 1934 habeat:
551 1893 781 1943 sanguinem
815 1907 946 1932 meum
980 1907 1099 1942 quam
1134 1893 1267 1931 omnia
1304 1893 1422 1932 malit.

56 1961 228 2010 Sitaque
273 1960 452 2009 quintum
497 1960 573 1996 iam
620 1971 796 1997 mensem
840 1957 968 1996 socius
1013 1965 1052 1995 et
1095 1957 1244 1995 amicus
1288 1957 1425 2007 populi

99 2024 271 2063 Romani
299 2023 414 2061 armis
441 2024 623 2061 obsessus
651 2029 797 2068 teneor,
820 2035 949 2071 neque
976 2021 1071 2059 mihi
1093 2021 1286 2071 Micipsae
1307 2022 1424 2071 patris

97 2089 176 2127 mei
210 2087 390 2127 benificia
421 2100 550 2136 neque
585 2095 717 2125 uostra
751 2088 909 2125 decreta
942 2085 1196 2124 auxiliantur:
1241 2087 1341 2124 ferro
1375 2098 1425 2123 an

56 2153 201 2197 4fame
246 2152 370 2190 acrius
415 2164 551 2201 urgear
598 2151 766 2189 incertus
815 2164 911 2188 sum.
981 2151 1092 2199 plura
1138 2151 1189 2188 de
1237 2150 1426 2198 Iugurtha

98 2217 265 2256 scribere
295 2217 522 2254 dehortatur
550 2228 614 2253 me
643 2217 798 2253 fortuna
826 2228 914 2253 mea
941 2213 1074 2265 (etiam
1103 2221 1220 2252 antea
1246 2221 1426 2262 expeitus

57 2289 76 2326 5
99 2295 184 2320 sum
214 2294 350 2330 parum
381 2274 472 2319 fidei
499 2280 648 2318 miseris
675 2280 801 2331 esse):
838 2279 910 2317 nisi
941 2286 1072 2316 tamen
1104 2278 1286 2327 intellego
1314 2277 1424 2315 illurn
