1596 2495
125 116 170 151 72
487 103 526 140 c.
569 102 861 140 SALLUSTJ
898 103 1095 139 messes

122 218 265 254 aquam
298 205 443 244 Sullam
479 217 570 242 cum
605 203 800 253 equitibus
834 210 992 242 noctem
1028 202 1172 252 agitare
1205 202 1337 241 iubet:
1371 202 1455 252 ipse

125 270 312 320 paulatim
349 269 543 318 dispersos
578 267 731 315 milites,
766 281 895 318 neque
930 268 1058 306 minus
1092 268 1270 306 hostibus
1303 276 1457 306 contur-

125 333 235 380 batis,
276 333 315 371 in
354 345 477 370 unum
515 332 721 380 contrahit,
762 332 851 371 dein
892 338 1055 370 cunctos
1093 332 1212 380 pleno
1251 331 1370 381 gradu
1417 330 1457 368 in

84 408 103 446 5
126 399 266 436 collem
297 396 492 435 subducit.
551 396 603 434 ita
632 409 740 446 reges
775 396 851 434 loci
886 395 1112 433 difficultate
1145 396 1272 433 coacti
1307 395 1457 444 proelio

126 463 378 507 deterrentur,
415 474 543 510 neque
577 467 709 499 tamen
744 473 835 499 suos
870 459 1023 510 longius
1057 458 1164 497 abire
1203 459 1347 505 sinunt,
1387 459 1457 497 sed

125 534 290 574 utroque
338 527 437 564 colle
485 526 735 563 multitudine
783 525 1026 564 circumdato
1075 524 1184 562 effusi
1230 524 1455 562 consedere.

85 597 107 633 6
127 591 218 630 dein
248 591 390 630 crebris
421 590 576 640 ignibus
606 590 717 628 factis
746 592 978 640 plerumque
1008 588 1135 628 noctis
1164 588 1317 627 barbari
1351 601 1458 627 more

127 669 198 694 suo
220 655 362 701 laetari,
386 656 569 702 exultare,
592 663 762 705 strepere
783 655 960 701 uocibus,
983 662 1020 693 et
1049 654 1123 704 ipsi
1150 654 1271 693 duces
1296 654 1457 701 feroces,

86 733 104 769 7
127 721 218 771 quia
251 733 333 758 non
365 721 553 770 fugerant,
589 734 661 770 pro
695 720 912 759 uictoribus
950 733 1072 769 agere.
1131 719 1201 758 sed
1239 731 1286 757 ea
1317 726 1460 756 cuncta

129 785 320 824 Romanis
340 798 386 824 ex
406 784 575 823 tenebris
597 793 634 824 et
655 784 884 824 editioribus
911 785 1008 823 locis
1035 783 1164 822 facilia
1188 783 1275 822 uisu
1301 795 1459 833 magno-

48 846 106 890 99
128 864 203 900 que
236 851 485 888 hortamento
521 856 640 889 erant.
697 850 920 899 plurumum
959 861 1052 886 uero
1093 848 1241 886 Marius
1278 846 1460 896 inperitia

127 915 298 954 hostium
338 915 603 962 confirmatus,
644 927 761 964 quam
808 927 1036 952 maxumum
1082 912 1280 951 silentium
1324 911 1459 951 haberi

127 981 247 1028 iubet,
278 993 328 1018 ne
357 979 467 1029 signa
496 979 669 1029 quidem,
705 981 760 1018 uti
795 993 862 1030 per
896 978 1046 1029 uigilias
1081 978 1272 1025 solebant,
1305 990 1457 1017 canere.

127 1046 284 1091 deinde,
316 1044 383 1083 ubi
409 1046 474 1083 lux
499 1046 751 1093 aduentabat,
777 1045 939 1084 defessis
966 1044 1044 1082 iam
1070 1043 1246 1082 hostibus
1271 1055 1318 1081 ac
1341 1043 1459 1092 paulo

128 1118 220 1148 ante
253 1123 393 1148 somno
428 1110 562 1159 captis,
600 1110 650 1148 de
682 1109 884 1160 inprouiso
918 1109 1065 1160 uigiles,
1101 1110 1196 1148 item
1225 1108 1458 1156 cohortium,

129 1183 352 1222 turmarum,
389 1176 586 1225 legionum
622 1175 814 1214 tubicines
849 1177 965 1213 simul
999 1174 1126 1213 omnis
1160 1173 1270 1224 signa
1306 1186 1457 1219 canere,

128 1241 269 1279 milites
316 1242 527 1279 clamorem
574 1242 711 1279 tollere
757 1249 875 1290 atque
923 1239 1044 1290 portis
1091 1252 1294 1289 erumpere
1337 1238 1455 1277 iubet.

88 1316 106 1339 2
132 1305 259 1344 Mauri
297 1313 416 1354 atque
455 1305 624 1353 Gaetuli,
664 1305 799 1355 ignoto
838 1313 876 1344 et
914 1304 1088 1344 horribili
1127 1304 1257 1343 sonitu
1298 1311 1460 1354 repente

129 1372 255 1418 exciti,
294 1384 422 1420 neque
461 1373 592 1421 fugere
632 1385 759 1421 neque
797 1384 904 1409 arma
941 1383 1080 1421 capere
1126 1383 1253 1419 neque
1297 1369 1459 1408 omnino

87 1449 108 1485 3
128 1439 255 1476 facere
275 1445 342 1476 aut
362 1438 570 1487 prouidere
591 1437 800 1487 quicquam
819 1444 1019 1486 poterant:
1040 1435 1091 1474 ita
1108 1443 1268 1474 cunctos
1285 1434 1458 1484 strepitu,

129 1503 311 1549 clamore,
350 1503 459 1540 nullo
498 1501 768 1548 subueniente,
810 1500 951 1539 nostris
990 1500 1237 1545 instantibus,
1278 1500 1458 1547 tumultu,

128 1567 337 1606 formidine
374 1575 496 1606 terror
529 1568 638 1617 quasi
672 1566 860 1605 uecordia
893 1573 1058 1615 ceperat.
1118 1565 1288 1615 denique
1323 1577 1460 1603 omnes

130 1633 203 1671 fusi
241 1632 450 1682 fugatique.
509 1645 618 1670 arma
657 1639 694 1670 et
732 1631 842 1681 signa
880 1630 1060 1669 militaria
1101 1631 1285 1679 pleraque
1331 1636 1458 1677 capta,

130 1699 339 1748 pluresque
360 1711 408 1736 eo
428 1696 579 1746 proelio
599 1710 717 1746 quam
738 1696 922 1734 omnibus
943 1695 1205 1745 superioribus
1227 1693 1456 1744 interempti.

133 1776 223 1800 nam
245 1775 386 1800 somno
407 1769 445 1800 et
465 1769 571 1800 metu
591 1761 750 1799 insolito
769 1760 946 1810 inpedita
965 1762 1065 1811 fuga.

23 1830 114 1874 100
216 1826 320 1864 Dein
348 1826 497 1864 Marius
524 1825 580 1864 uti
606 1832 790 1875 coeperat
813 1824 853 1862 in
880 1824 1043 1863 hiberna
1062 1825 1341 1873 profic-Accitur:
1369 1836 1459 1861 nam

133 1899 292 1941 propter
317 1899 568 1930 conmeatum
589 1890 630 1928 in
656 1889 815 1940 oppidis
841 1889 1056 1927 maritumis
1082 1903 1196 1939 agere
1221 1890 1457 1927 decreuerat.

134 1969 262 2006 neque
282 1964 413 1994 tamen
433 1955 595 1994 uictoria
614 1968 745 1993 socors
772 1961 839 1992 aut
865 1953 1038 1992 insolens
1063 1954 1198 2000 factus,
1225 1954 1295 1991 sed
1321 1952 1461 2002 pariter

94 2035 113 2058 2
134 2029 252 2071 atque
267 2021 307 2058 in
327 2027 543 2070 conspectu
559 2019 730 2058 hostium
747 2020 938 2068 quadrato
954 2017 1108 2069 agmine
1122 2018 1313 2056 incedere.
1355 2017 1460 2055 Sulla

134 2099 223 2124 cum
238 2085 411 2135 equitatu
428 2085 532 2134 apud
548 2085 767 2130 dextumos‚
784 2083 824 2120 in
838 2082 989 2121 sinistra
1002 2091 1110 2132 parte
1124 2084 1168 2119 A.
1187 2081 1359 2119 Manlius
1371 2093 1460 2118 cum

134 2149 398 2188 funditoribus
424 2157 463 2187 et
489 2148 705 2198 sagittariis,
727 2155 927 2197 praeterea
952 2146 1123 2185 cohortis
1145 2146 1331 2195 Ligurum
1351 2157 1458 2182 cura-

135 2215 226 2261 bat,
256 2212 402 2262 primos
429 2220 467 2250 et
493 2221 686 2250 extremos
713 2224 803 2248 cum
831 2209 1023 2260 expeditis
1051 2209 1260 2258 manipulis
1284 2208 1460 2246 tribunos

95 2289 116 2326 3
136 2279 356 2324 locauerat3
385 2276 578 2327 perfugae,
600 2275 774 2314 minume
802 2274 880 2312 cari
907 2282 945 2314 et
965 2274 1167 2325 regionum
1188 2271 1458 2321 scientissumi,
