1596 2495
369 89 457 124 DE
493 89 690 125 BELLO
728 87 1124 125 JUGURTHJNO
1358 95 1405 132 35

83 193 147 229 illa
185 190 397 229 deditionis
437 192 545 240 signa
584 190 754 228 ostentui
799 191 956 228 credere
1001 196 1038 226 et
1084 187 1232 225 insidiis
1276 189 1406 224 locum

82 255 273 305 temptari.
342 255 472 304 itaque
520 255 603 305 ipse
650 268 740 293 cum
788 254 979 305 expeditis
1026 253 1264 297 cohortibus,
1314 252 1405 290 item
1429 255 1447 292 7

83 320 322 358 funditorum
343 327 381 357 et
401 319 684 369 sagittariorum
705 321 859 357 delecta
879 332 995 356 manu
1017 320 1122 368 apud
1144 318 1290 367 primos
1315 326 1406 364 erat,

82 385 121 422 in
150 392 349 433 postremo
380 385 423 422 C.
458 384 606 422 Marius
635 384 783 433 legatus
814 397 902 421 cum
932 382 1127 432 equitibus
1162 385 1334 429 curabat,
1370 382 1410 419 in

82 456 290 497 utrumque
326 449 427 486 latus
465 448 683 486 auxiliarios
724 447 873 497 equites
918 447 1082 485 tribunis
1128 446 1326 496 legionum
1372 454 1410 485 et

83 513 285 563 praefectis
323 512 541 551 cohortium
582 513 863 562 disperduerat,
909 520 950 550 ut
995 525 1084 549 cum
1129 511 1184 550 eis
1230 511 1409 561 permixti

83 579 232 623 uelites,
261 591 512 628 quocumque
541 579 778 617 adcederent
809 578 1004 627 equitatus
1039 577 1220 624 hostium,
1256 579 1409 627 propul-

85 651 221 682 sarent.
281 656 370 681 nam
410 642 450 680 in
490 643 678 692 Iugurtha
716 650 846 680 tantus
885 643 997 680 dolus
1044 650 1229 692 tantaque
1275 642 1453 692 peritia8

84 711 259 747 locorum
287 716 325 746 et
352 706 511 745 militiae
537 714 630 752 erat,
657 714 699 744 ut
725 708 866 745 absens
894 720 944 744 an
971 720 1167 756 praesens,
1195 721 1332 756 pacem
1360 721 1410 746 an

87 775 229 812 bellum
250 785 386 822 gerens
406 771 660 822 perniciosior
679 779 791 818 esset,
815 771 851 809 in
878 772 1028 810 incerto
1054 773 1272 810 haberetur.
1331 780 1410 811 erat
1429 772 1489 817 47

85 838 189 875 haud
217 838 332 886 longe
359 837 408 874 ab
436 849 482 874 eo
509 836 658 881 itinere,
686 848 764 884 quo
794 837 977 874 Metellus
998 837 1196 886 pergebat,
1220 837 1409 886 oppidum

88 902 346 940 Numidarum
382 901 541 940 nomine
575 903 696 951 Vaga,
731 901 858 938 forum
890 914 1017 939 rerum
1056 902 1254 940 uenalium
1294 901 1411 940 totius

86 968 193 1017 regni
222 980 402 1005 maxume
432 967 682 1013 celebratum,
714 966 781 1005 ubi
808 974 847 1004 et
873 966 1043 1004 incolere
1070 974 1108 1004 et
1134 967 1295 1005 mercari
1322 981 1412 1006 con-

87 1039 292 1070 sueuerant
313 1031 438 1070 Italici
457 1030 609 1080 generis
637 1030 748 1068 multi
775 1031 970 1068 mortales.
1029 1032 1105 1067 huc
1133 1033 1270 1069 consul
1298 1031 1410 1070 simul
1433 1046 1452 1069 2

86 1097 303 1146 temptandi
330 1096 460 1146 gratia,
489 1096 520 1134 si
548 1102 781 1144 paterentur,
812 1103 850 1133 et
877 1096 1179 1146 opportunitatis
1206 1095 1281 1134 loci
1307 1110 1411 1146 prae-

87 1161 229 1199 sidium
266 1160 451 1210 inposuit.
507 1167 705 1209 praeterea
742 1159 949 1209 imperauit
988 1162 1222 1198 frumentum
1263 1169 1301 1200 et
1338 1162 1413 1200 alia

87 1239 188 1275 quae
224 1227 329 1264 bello
368 1224 452 1263 usui
489 1225 617 1263 forent
665 1232 908 1273 conportare,
955 1232 1069 1270 ratus,
1117 1225 1156 1262 id
1201 1227 1309 1275 quod
1353 1240 1412 1264 res

89 1292 285 1336 monebat,
306 1288 563 1339 frequentiam
584 1289 870 1339 negotiatorum
892 1296 930 1327 et
957 1297 1165 1328 conmeatu
1192 1290 1412 1329 iuuaturam

89 1354 298 1393 exercitum
321 1363 357 1392 et
377 1354 453 1392 iam
475 1354 616 1404 paratis
636 1356 751 1393 rebus
773 1354 1021 1393 munimento
1040 1355 1132 1392 fore.
1191 1355 1291 1393 inter
1316 1357 1412 1395 haec
1432 1370 1454 1405 3

90 1419 246 1470 negotia
268 1420 455 1468 Iugurtha
474 1418 674 1469 inpensius
701 1420 823 1457 modo
849 1420 997 1467 legatos
1025 1419 1220 1468 supplices
1247 1420 1410 1469 mittere,

89 1497 229 1533 pacem
270 1497 388 1531 orare,
437 1490 586 1533 praeter
630 1497 739 1521 suam
784 1484 1073 1533 liberorumque
1118 1486 1237 1522 uitam
1282 1486 1413 1524 omnia

91 1550 253 1587 Metello
283 1549 436 1587 dedere.
496 1561 596 1598 quos
624 1548 717 1587 item
747 1548 803 1586 uti
832 1548 976 1598 priores
1006 1551 1142 1587 consul
1171 1549 1335 1589 inlectos
1363 1553 1412 1589 ad
1432 1562 1456 1595 4

89 1611 349 1662 proditionem
370 1613 533 1650 domum
555 1610 786 1659 dimittebat,
805 1612 882 1661 regi
899 1625 1038 1661 pacem
1057 1626 1174 1662 quam
1193 1616 1413 1663 postulabat

90 1690 217 1725 neque
237 1677 408 1715 abnuere
428 1690 557 1726 neque
577 1677 761 1725 polliceri,
785 1685 823 1715 et
850 1677 951 1715 inter
979 1690 1044 1715 eas
1071 1691 1197 1715 moras
1226 1679 1414 1727 promissa

91 1743 301 1791 legatorum
323 1748 536 1790 expectare.

171 1806 369 1856 Iugurtha,
401 1806 465 1844 ubi
497 1805 649 1844 Metelli
678 1806 783 1844 dicta
812 1819 901 1844 cum
931 1806 1042 1844 factis
1069 1809 1275 1856 conposuit
1301 1821 1348 1846 ac
1374 1821 1414 1846 se
1433 1807 1493 1850 48

91 1870 168 1908 suis
197 1870 340 1908 artibus
369 1870 550 1919 temptari
579 1870 867 1915 animaduortit,
902 1868 1048 1919 quippe
1081 1870 1144 1908 cui
1177 1871 1304 1909 uerbis
1339 1886 1416 1921 pax

90 1934 353 1979 nuntiabatur,
392 1942 564 1972 ceterum
601 1947 642 1972 re
680 1935 825 1972 bellum
873 1947 1138 1983 asperrumum
1172 1943 1278 1981 erat,
1324 1938 1415 1974 urbs

91 2011 273 2036 maxuma
293 1998 471 2042 alienata,
494 2010 582 2047 ager
601 1998 779 2035 hostibus
799 1999 990 2046 cognitus,
1022 1998 1141 2035 animi
1169 2000 1413 2048 popularium

90 2061 280 2111 temptati,
301 2068 460 2100 coactus
481 2074 607 2099 rerum
635 2061 925 2100 necessitudine
953 2062 1085 2100 statuit
1112 2062 1227 2100 armis
1254 2072 1411 2103 certare.

91 2126 205 2176 igitur
224 2128 424 2176 explorato
445 2126 615 2164 hostium
636 2126 784 2172 itinere,
807 2126 846 2164 in
873 2139 982 2176 spem
1010 2126 1195 2166 uictoriae
1221 2129 1415 2167 adductus
1437 2143 1454 2165 2

92 2203 139 2228 ex
157 2190 447 2239 opportunitate
469 2190 554 2233 loci,
576 2196 914 2238 quam‘maxumas
935 2197 1063 2239 potest
1085 2191 1216 2241 copias
1237 2193 1413 2230 omnium

93 2266 276 2303 generum
305 2261 416 2302 parat
445 2266 490 2291 ac
519 2266 587 2302 per
616 2253 788 2291 tramites
818 2255 992 2291 occultos
1022 2255 1230 2292 exercitum
1264 2256 1415 2294 Metelli

1208 2348 1309 2382 3-2
