1596 2495
422 65 508 100 DE
545 65 744 101 BELLO
781 65 1180 102 JUGURTHJNO
1441 78 1459 114 5

133 165 329 204 obiectare
358 164 538 214 periculis
566 172 605 203 et
638 178 686 204 eo
715 166 836 203 modo
866 167 1060 203 fortunam
1091 174 1290 215 temptare.
1350 165 1462 215 igitur
1482 184 1500 206 2

132 231 235 268 bello
250 229 492 267 Numantino
508 229 676 278 Micipsa
690 242 779 267 cum
794 231 942 279 populo
957 231 1140 267 Romano
1157 230 1329 279 equitum
1344 239 1462 279 atque

132 292 307 342 peditum
328 292 470 330 auxilia
490 292 669 338 mitteret,
687 305 846 342 sperans
866 293 930 330 uel
946 294 1182 331 ostentando
1198 293 1380 332 uirtutem
1397 295 1460 332 uel

130 358 299 396 hostiurn
331 357 495 396 saeuitia
522 357 636 396 facile
662 371 751 396 eum
780 370 1022 404 occasurum,
1044 357 1230 406 praefecit
1264 358 1457 405 Numidis,

129 434 229 471 quos
249 421 288 459 in
306 421 540 471 Hispaniam
563 421 752 460 mittebat.
811 422 879 459 sed
899 435 945 460 ea
964 434 1024 459 res
1039 423 1155 471 longe
1171 422 1279 461 aliter
1294 436 1338 461 ac
1354 430 1458 462 ratus
1477 439 1498 474 3

130 493 209 524 erat
228 486 368 524 euenit.
420 498 510 523 nam
529 486 724 535 Iugurtha,
741 494 784 524 ut
799 495 879 524 erat
894 486 1046 535 inpigro
1062 494 1179 536 atque
1194 488 1272 524 acri
1287 487 1455 537 ingenio,
1478 505 1498 536 4

130 549 196 587 ubi
217 558 391 587 natuiam
415 551 456 587 P.
478 548 681 598 Scipionis,
705 548 769 598 qui
798 556 881 587 tum
910 551 1103 588 Romanis
1129 550 1339 600 imperator
1362 559 1454 598 erat,

129 619 167 650 et
196 625 343 650 morem
372 612 543 650 hostium
574 613 772 662 cognouit,
803 614 926 651 multo
955 614 1089 652 labore
1117 615 1317 663 multaque
1351 628 1452 661 cura,

129 684 329 725 praeterea
362 676 660 715 modestissume
699 677 873 725 parendo
907 685 946 715 et
978 689 1096 726 saepe
1129 678 1285 716 obuiam
1323 680 1454 717 eundo

129 739 308 788 periculis
328 739 367 777 in
392 748 539 778 tantam
559 739 830 778 claritudinem
857 740 963 779 breui
987 749 1229 790 peruenerat,
1250 749 1293 779 ut
1313 742 1454 780 nostris

128 805 379 843 uehementer
393 818 512 851 carus,
530 804 782 843 Numantinis
795 818 977 844 maxumo
992 808 1122 845 terrori
1141 815 1249 846 esset.
1288 821 1334 845 ac
1347 821 1450 854 sane,
1474 823 1492 859 5

127 869 234 917 quod
267 868 551 906 difficillumum
586 869 626 906 in
656 868 790 918 primis
821 878 890 917 est,
919 880 957 909 et
987 871 1136 920 proelio
1166 880 1343 910 strenuus
1372 881 1452 911 erat

127 941 164 970 et
191 933 316 971 bonus
339 932 514 979 consilio,
536 945 702 980 quorum
722 935 886 972 alterum
914 947 960 972 ex
986 935 1233 984 prouidentia
1259 935 1449 983 timorem,

125 997 287 1034 alterum
320 1010 367 1035 ex
399 997 563 1034 audacia
597 997 852 1036 temeritatem
888 999 1036 1037 adferre
1070 1000 1301 1048 plerumque
1339 1001 1447 1038 solet.

126 1059 239 1109 igitur
257 1060 469 1109 imperator
488 1060 616 1099 omnis
635 1063 713 1100 fere
733 1075 793 1100 res
813 1075 969 1112 asperas
990 1076 1057 1111 per
1078 1064 1304 1112 Iugurtham
1325 1077 1447 1114 agere,
1469 1074 1491 1109 6

125 1123 165 1160 in
198 1123 332 1161 amicis
366 1125 520 1171 habere,
552 1124 673 1174 magis
708 1125 908 1175 magisque
943 1138 1033 1164 eum
1067 1126 1107 1164 in
1137 1126 1220 1165 dies
1253 1128 1447 1177 amplecti,

125 1187 272 1237 quippe
292 1187 400 1225 cuius
421 1200 548 1236 neque
568 1188 773 1226 consilium
795 1202 923 1238 neque
946 1189 1149 1239 inceptum
1170 1191 1291 1229 ullum
1311 1192 1449 1229 frustra

124 1259 215 1289 erat.
271 1252 348 1288 huc
374 1251 593 1290 adcedebat
619 1251 885 1290 munificentia
911 1252 1031 1290 animi
1056 1262 1095 1292 et
1114 1253 1246 1303 ingeni
1267 1254 1446 1302 sollertia,
1470 1272 1487 1306 7

124 1315 210 1364 quis
238 1316 353 1353 rebus
383 1316 455 1355 sibi
484 1317 628 1354 multos
657 1330 705 1355 ex
738 1318 926 1356 Romanis
954 1318 1129 1356 familiari
1160 1319 1329 1357 amicitia
1359 1333 1448 1358 con-

123 1378 308 1418 iunxerat.

205 1445 264 1481 Ea
291 1451 524 1493 tempestate
551 1445 591 1483 in
620 1445 788 1484 exercitu
817 1454 950 1484 nostro
985 1448 1090 1486 fuere
1119 1449 1323 1498 conplures
1354 1449 1447 1486 noui
1467 1448 1493 1490 8

123 1515 242 1556 atque
279 1508 443 1555 nobiles,
479 1509 620 1557 quibus
659 1509 820 1548 diuitiae
855 1512 962 1549 bono
999 1512 1244 1561 honestoque
1277 1513 1446 1562 potiores

122 1579 241 1617 erant,
263 1572 415 1610 factiosi
435 1573 556 1618 domi,
577 1581 759 1622 potentes
780 1574 887 1623 apud
906 1575 1045 1621 socios,
1068 1575 1158 1614 clari
1184 1576 1307 1626 magis
1327 1590 1444 1626 quam

122 1637 288 1683 honesti,
311 1637 378 1686 qui
399 1637 609 1686 Iugurthae
630 1650 710 1676 non
731 1638 969 1677 mediocrem
989 1639 1161 1678 animum
1188 1641 1444 1690 pollicitando

122 1700 403 1746 accendebant,
426 1701 457 1737 si
479 1701 649 1750 Micipsa
668 1715 734 1739 rex
757 1702 974 1748 occidisset,
997 1708 1077 1742 tore
1103 1705 1158 1741 uti
1184 1706 1289 1743 solus
1309 1705 1445 1755 imperi

122 1764 335 1803 Numidiae
363 1765 574 1814 potiretur:
614 1765 654 1802 in
687 1766 773 1815 ipso
807 1780 1031 1805 maxumam
1065 1768 1258 1816 uirtutem,
1290 1772 1443 1809 Romae

121 1828 253 1866 omnia
281 1829 434 1867 uenalia
467 1842 561 1868 esse.
619 1831 689 1868 sed
722 1840 942 1880 postquam,
978 1834 1194 1872 Numantia
1223 1835 1363 1882 deleta,
1399 1837 1440 1873 P.
1465 1848 1483 1872 2

121 1891 250 1941 Scipio
289 1892 485 1931 dimittere
523 1892 663 1931 auxilia
701 1901 739 1931 et
765 1894 849 1943 ipse
875 1896 1016 1934 reuorti
1055 1897 1219 1935 domum
1257 1899 1442 1946 decreuit,

120 1958 310 1995 donatum
329 1965 448 2007 atque
469 1959 666 1996 laudatum
689 1960 892 2008 magnifice
911 1974 981 2010 pro
1002 1962 1187 2001 contione
1214 1965 1443 2014 Iugurtham

119 2020 159 2058 in
196 2021 429 2070 praetorium
467 2022 628 2078 abduxit
665 2023 798 2073 ibique
837 2033 986 2064 secreto
1024 2027 1188 2074 monuit,
1228 2036 1271 2066 ut
1311 2028 1442 2078 potius

120 2085 274 2134 publice
307 2098 424 2134 quam
462 2085 640 2134 priuatim
678 2087 890 2126 amicitiam
923 2090 1059 2138 populi
1093 2091 1264 2129 Romani
1298 2093 1443 2131 coleret

121 2162 196 2187 neu
215 2150 356 2198 quibus
371 2150 494 2199 largiri
511 2150 770 2194 insuesceret:
795 2153 1011 2201 periculose
1031 2167 1053 2192 a
1073 2156 1208 2204 paucis
1229 2156 1317 2203 emi,
1334 2158 1443 2206 quod

122 2214 330 2252 multorum
359 2221 469 2252 esset.
527 2215 558 2252 si
586 2229 815 2265 permanere
841 2219 957 2256 uellet
984 2218 1023 2256 in
1052 2219 1128 2257 suis
1155 2220 1313 2267 artibus,
1341 2223 1441 2259 ultro
