1596 2495
367 81 450 116 DE
488 80 685 116 BELLO
723 79 1113 117 JUGURTHJNO
1353 91 1401 125 43

76 181 195 219 animi
219 182 310 220 satis
334 182 565 220 muniuerat.
625 194 715 219 nam
739 183 948 232 plerosque
969 180 1094 218 iacula
1115 180 1318 219 tormentis
1338 189 1404 218 aut

75 258 194 284 manu
222 246 364 284 emissa
389 246 657 292 uolnerabant,
679 245 839 295 parique
862 246 1037 295 periculo
1060 246 1131 284 sed
1153 246 1257 282 fama
1280 244 1403 295 inpari

74 311 168 349 boni
189 318 306 360 atque
325 310 455 360 ignaui
475 319 596 349 erant.

157 377 262 413 Dum
293 377 399 425 apud
427 377 586 413 Zamam
616 375 671 413 sic
700 382 877 422 certatur,
908 376 1098 425 Iugurtha
1127 388 1174 413 ex
1203 374 1404 425 inprouiso
1424 377 1481 420 58

75 447 199 478 castra
228 441 400 479 hostium
429 454 519 479 cum
548 453 690 489 magna
718 453 838 478 manu
864 440 1039 479 inuadit:
1074 440 1244 478 remissis
1271 441 1338 490 qui
1364 440 1404 478 in

76 505 268 555 praesidio
289 514 399 545 erant
419 515 458 544 et
478 505 611 544 omnia
626 505 749 555 magis
765 519 881 555 quam
899 504 1089 555 proelium
1108 505 1405 554 expectantibus

77 579 228 618 portam
262 571 459 621 inrumpit.
528 578 567 609 at
601 571 721 609 nostri
755 571 962 620 repentino
993 580 1100 608 metu
1130 569 1298 619 perculsi
1332 570 1404 607 sibi
1425 581 1444 604 2

76 635 242 685 quisque
284 650 354 686 pro
398 635 572 674 moribus
613 637 855 674 consulunt:
904 635 968 674 alii
1012 637 1152 686 fugere,
1194 634 1258 672 alii
1299 647 1405 672 arma

76 713 227 750 capere,
250 715 391 751 magna
414 714 502 751 pars
526 701 717 738 uolnerati
743 709 810 738 aut
835 700 964 739 occisi.
1024 708 1196 739 ceterum
1224 713 1272 737 ex
1297 700 1404 738 omni
1425 715 1446 750 3

77 767 327 806 multitudine
366 780 446 805 non
484 765 652 815 amplius
695 766 951 816 quadraginta
996 779 1190 804 memores
1235 765 1405 803 nominis

79 832 250 869 Romani
268 845 382 882 grege
402 833 506 869 facto
526 832 658 869 locum
679 843 818 879 cepere
834 832 951 880 paulo
972 844 1090 879 quam
1106 829 1170 867 alii
1186 829 1404 875 editiorem,

79 909 206 945 neque
234 896 327 935 inde
356 909 537 934 maxuma
566 895 605 933 ui
634 896 780 944 depelli
809 896 1028 945 quiuerunt,
1050 896 1121 933 sed
1147 896 1224 933 tela
1252 894 1406 932 eminus

79 960 196 998 missa
239 960 446 1007 remittere,
486 961 601 1010 pauci
639 959 678 997 in
718 960 892 1009 pluribus
932 961 1060 998 minus
1098 959 1266 998 frustrari
1288 975 1298 1008 3
1346 960 1405 998 sin

80 1026 277 1064 Numidae
304 1027 463 1075 propius
492 1024 762 1071 adcessissent,
786 1025 840 1063 ibi
869 1038 963 1063 uero
990 1025 1171 1062 uirtutem
1199 1026 1406 1063 ostendere

79 1098 117 1128 et
145 1103 213 1128 eos
243 1103 426 1127 maxuma
454 1091 492 1128 ui
523 1090 697 1135 caedere,
720 1091 883 1128 fundere
909 1098 1025 1138 atque
1052 1092 1193 1139 fugare.
1251 1089 1405 1128 interim
1425 1103 1449 1136 4

82 1156 277 1201 Metellus,
313 1167 401 1192 cum
434 1167 633 1193 acerrume
666 1167 747 1192 rem
781 1163 939 1203 gereret,
977 1155 1189 1192 clamorem
1224 1154 1405 1192 hostilem

80 1233 103 1257 a
135 1227 243 1268 tergo
277 1219 440 1268 accepit,
474 1219 566 1257 dein
598 1232 793 1257 conuorso
827 1232 931 1268 equo
965 1219 1244 1257 animaduortit
1276 1221 1407 1268 fugam

80 1286 130 1323 ad
150 1298 191 1323 se
212 1298 369 1323 uorsum
390 1284 495 1322 fieri:
516 1298 615 1333 quae
635 1297 695 1322 res
714 1284 914 1322 indicabat
934 1283 1130 1334 popularis
1151 1297 1246 1322 esse.
1295 1283 1408 1334 igitur
1427 1296 1447 1333 5

81 1349 299 1399 equitatum
338 1363 495 1388 omnem
535 1351 587 1387 ad
620 1359 746 1387 castra
779 1362 944 1399 propere
979 1348 1082 1386 misit
1116 1362 1161 1385 ac
1195 1348 1324 1386 statim
1360 1351 1404 1388 C.

84 1415 252 1452 Marium
281 1427 370 1452 cum
400 1414 626 1452 cohortibus
656 1414 863 1459 sociorum,
895 1426 1066 1462 eumque
1096 1414 1314 1451 lacrumans
1340 1427 1409 1462 per

81 1479 290 1517 amicitiam
329 1491 475 1527 perque
512 1492 592 1517 rem
627 1478 824 1528 publicam
859 1480 1050 1522 obsecrat,
1083 1491 1132 1514 ne
1167 1490 1283 1527 quam
1318 1490 1410 1515 con-

82 1543 282 1582 tumeliam
311 1556 510 1581 remanere
539 1542 579 1580 in
607 1543 776 1581 exercitu
806 1542 952 1580 uictore
983 1555 1082 1580 neue
1112 1542 1234 1580 hostis
1262 1542 1409 1580 inultos

82 1608 188 1647 abire
217 1607 328 1645 sinat.
386 1607 450 1645 ille
479 1607 587 1645 breui
613 1609 798 1645 mandata
824 1607 949 1645 efficit.
1008 1614 1047 1644 at
1075 1608 1262 1656 Iugurtha
1288 1606 1410 1644 muni·
1428 1612 1450 1647 6

83 1682 217 1710 mento
255 1679 468 1710 castrorum
506 1672 714 1721 inpeditus,
748 1685 837 1709 cum
871 1672 935 1710 alii
969 1685 1086 1720 super
1118 1673 1266 1710 uallum
1300 1685 1409 1720 prae-

84 1736 343 1785 cipitarentur,
365 1735 429 1773 alii
453 1735 491 1773 in
516 1736 704 1785 angustiis
728 1736 802 1785 ipsi
827 1736 899 1774 sibi
923 1744 1176 1785 properantes
1198 1736 1407 1782 officerent,

85 1799 216 1838 multis
237 1799 387 1837 amissis
410 1799 449 1836 in
471 1801 557 1837 loca
576 1800 727 1838 munita
747 1807 830 1838 sese
851 1801 1006 1849 recepit.
1066 1801 1250 1838 Metellus
1266 1800 1410 1838 infecto
1432 1819 1450 1854 7

86 1864 255 1913 negotio,
299 1872 506 1913 postquam
553 1878 632 1902 nox
672 1865 816 1910 aderat,
860 1864 899 1901 in
941 1872 1064 1902 castra
1107 1877 1195 1901 cum
1240 1864 1410 1902 exercitu

85 1927 299 1966 reuortitur.
357 1927 471 1977 igitur
493 1935 651 1978 postero
671 1929 747 1973 die,
768 1928 872 1978 prius
892 1942 1010 1978 quam
1030 1930 1079 1966 ad
1101 1930 1410 1979 obpugnandum
1431 1930 1489 1973 59

87 1993 342 2042 egrederetur,
390 1991 606 2041 equitatum
651 2005 810 2031 omnem
854 1992 894 2030 in
940 2005 987 2031 ea
1029 2000 1149 2043 parte,
1194 2006 1272 2042 qua
1313 1993 1411 2042 regis

87 2057 278 2094 aduentus
305 2065 396 2102 erat,
422 2069 493 2105 pro
519 2057 654 2095 castris
679 2056 824 2107 agitare
849 2057 968 2103 iubet,
994 2066 1127 2106 portas
1154 2065 1191 2095 et
1221 2070 1412 2107 proxuma

88 2122 175 2158 loca
198 2120 361 2158 tribunis
385 2120 572 2170 dispertit,
595 2120 739 2159 deinde
762 2121 845 2171 ipse
868 2121 992 2171 pergit
1013 2122 1063 2159 ad
1084 2121 1272 2170 oppidum
1293 2130 1413 2170 atque

88 2184 144 2222 uti
178 2185 373 2233 superiore
403 2185 467 2223 die
497 2198 651 2223 murum
678 2185 908 2235 aggreditur.
967 2185 1121 2223 interim
1150 2186 1339 2234 Iugurtha
1365 2198 1413 2222 ex
1434 2199 1452 2222 2

90 2249 244 2286 occulto
282 2257 441 2298 repente
480 2258 633 2287 nostros
671 2250 832 2288 inuadit.
891 2250 958 2299 qui
996 2250 1034 2287 in
1071 2264 1261 2300 proxumo
1295 2250 1412 2288 locati
