1596 2495
164 97 213 139 48
526 97 567 135 C.
610 95 905 134 SALLUSTJ
941 95 1146 132 CRISPI

126 214 144 238 7
165 202 365 239 confectus
393 209 430 240 et
457 203 509 239 ob
537 215 623 240 eam
652 215 807 239 causam
839 209 971 239 mente
993 201 1151 250 paulum
1173 199 1377 238 inminuta.
1435 199 1497 238 cui

167 268 354 306 Metellus
382 268 533 317 petenti
559 280 667 305 more
694 280 826 316 regum
855 275 896 303 ut
923 267 1057 304 sellam
1080 267 1185 303 iuxta
1206 272 1381 314 poneret,
1404 266 1497 303 item

166 339 305 381 postea
325 331 528 370 custodiae
543 344 660 368 causa
677 338 842 368 turmam
860 329 1037 378 equitum
1056 331 1339 376 Romanorum,
1355 337 1497 368 utrum-

167 411 243 447 que
281 396 752 446 negauerat—honorem,
786 395 892 444 quod
932 407 1067 432 eorum
1106 407 1214 432 more
1252 396 1361 442 foret,
1397 408 1498 444 quos

168 463 338 512 populus
377 463 582 499 Romanus
622 474 729 510 reges
768 459 1058 509 appellauisset,
1099 459 1349 508 praesidium,
1389 461 1496 509 quod

166 525 499 565 contumeliosum
533 525 573 563 in
607 538 674 563 eos
710 526 819 572 foret,
853 524 883 561 si
918 523 1069 573 equites
1106 525 1277 562 Romani
1312 525 1497 563 satellites

125 603 146 637 3
171 591 364 629 Numidae
409 591 662 629 traderentur.
740 591 846 628 hunc
892 589 1039 627 Marius
1081 589 1239 627 anxium
1278 589 1499 639 aggreditur

166 666 284 707 atque
314 658 488 695 hortatur
514 664 556 694 ut
583 655 910 694 contumeliarum
937 654 976 691 in
1005 654 1281 704 imperatorem
1309 667 1399 692 cum
1427 667 1497 692 suo

167 722 311 760 auxilio
341 735 489 772 poenas
518 729 650 772 petat;
688 721 889 760 hominem
921 721 973 759 ob
1005 721 1163 758 morbos
1195 719 1329 758 animo
1361 733 1496 770 parum

169 788 299 826 ualido
337 788 514 826 secunda
545 787 723 824 oratione
756 785 930 824 extollit:
972 784 1082 822 illurn
1121 797 1263 834 regem,
1298 784 1496 835 ingentem

167 853 305 899 uirum,
340 851 573 890 Masinissae
608 858 793 900 nepotem
826 863 934 897 esse3
975 849 1006 887 si
1039 850 1228 898 Iugurtha
1261 857 1399 898 captus
1431 858 1496 887 aut

167 917 321 956 occisus
355 919 465 963 foret,
498 916 704 967 imperium
741 916 954 954 Numidiae
988 916 1071 953 sine
1106 927 1216 952 mora
1249 915 1497 962 habiturum;

167 983 205 1020 id
231 983 331 1020 adeo
358 989 509 1020 mature
533 994 651 1032 posse
679 981 847 1025 euenire,
874 980 905 1018 si
932 980 1014 1029 ipse
1041 981 1179 1018 consul
1205 980 1256 1017 ad
1282 979 1323 1018 id
1349 981 1495 1019 bellum

124 1059 147 1091 4
167 1048 307 1085 missus
333 1049 442 1086 foret.
502 1046 634 1096 itaque
662 1053 701 1084 et
726 1045 835 1083 illum
865 1053 902 1084 et
929 1046 1082 1094 equites
1110 1047 1327 1092 Romanos,
1354 1045 1496 1083 milites

167 1117 204 1147 et
232 1109 505 1159 negotiatores,
528 1111 625 1148 alios
653 1109 749 1158 ipse,
771 1110 979 1158 plerosque
1007 1109 1114 1158 pacis
1141 1121 1231 1157 spes
1258 1109 1418 1158 inpellit,
1441 1109 1497 1148 uti

168 1178 338 1214 Romam
369 1177 420 1214 ad
450 1189 541 1214 suos
571 1176 814 1214 necessarios
844 1188 980 1224 aspere
1010 1174 1048 1212 in
1079 1176 1286 1213 Metellum
1314 1176 1364 1213 de
1392 1176 1497 1212 bello

127 1241 351 1287 5scribant,
384 1241 556 1279 Marium
590 1241 867 1289 imperatorem
898 1247 1073 1288 poscant.
1144 1239 1198 1276 sic
1230 1240 1283 1276 illi
1313 1252 1336 1277 a
1364 1239 1497 1277 multis

168 1306 396 1344 mortalibus
423 1305 712 1344 honestissuma
731 1304 1009 1353 suffragatione
1030 1305 1256 1342 consulatus
1277 1304 1492 1352 petebatur.

166 1369 279 1407 simul
306 1383 353 1409 ea
378 1377 612 1419 tempestate
639 1370 765 1418 plebs,
788 1369 993 1406 nobilitate
1014 1369 1098 1406 fusa
1120 1382 1188 1418 per
1208 1369 1333 1417 legem
1357 1369 1496 1405 Mami—

166 1435 268 1483 liam,
291 1449 418 1474 nouos
439 1435 662 1474 extollebat.
722 1435 775 1472 ita
798 1434 925 1472 Mario
946 1441 1090 1471 cuncta
1109 1434 1334 1483 procedere.

88 1504 146 1547 66
248 1500 410 1538 Interim
451 1501 638 1550 Iugurtha
675 1508 886 1549 postquam
925 1498 1070 1537 omissa
1109 1497 1311 1536 deditione
1350 1499 1496 1536 bellum

165 1564 312 1614 incipit,
348 1577 439 1603 cum
474 1577 618 1613 magna
651 1577 741 1601 cura
774 1576 910 1613 parare
944 1562 1089 1609 omnia,
1125 1562 1317 1607 festinare,
1357 1574 1497 1612 cogere

167 1629 389 1678 exercitum,
425 1629 593 1668 ciuitatis
628 1643 729 1678 quae
762 1630 812 1667 ab
845 1642 887 1673 se
925 1628 1149 1667 defecerant
1186 1626 1394 1665 formidine
1432 1635 1498 1665 aut

166 1697 404 1734 ostentando
425 1695 599 1744 praemia
622 1696 830 1740 adfectare,
854 1693 1085 1732 conmunire
1112 1706 1203 1731 suos
1231 1694 1351 1739 locos,
1379 1707 1494 1740 arma,

166 1762 243 1798 tela
284 1761 449 1810 aliaque,
493 1757 594 1816 {³358
636 1773 705 1809 spe
746 1759 854 1808 pacis
888 1758 1080 1803 amiserat,
1116 1759 1274 1796 reficere
1307 1765 1373 1796 aut
1407 1770 1498 1796 con-

167 1825 338 1874 mercari,
368 1821 536 1864 seruitiis
558 1828 826 1862 Romanorum
856 1823 1026 1862 adlicere
1058 1831 1097 1861 et
1124 1835 1191 1861 eos
1220 1823 1336 1872 ipsos,
1365 1823 1433 1872 qui
1457 1824 1496 1860 in

166 1889 366 1939 praesidiis
397 1898 519 1934 erant,
551 1889 717 1938 pecunia
746 1894 962 1937 temptare:
993 1900 1149 1936 prorsus
1178 1887 1274 1924 nihil
1307 1886 1495 1925 intactum

126 1968 144 1992 2
167 1967 295 2003 neque
325 1954 503 2003 quietum
530 1954 620 2003 pati,
649 1961 792 1991 cuncta
819 1952 975 2001 agitare.
1034 1951 1148 2001 igitur
1174 1953 1387 2001 Vagenses,
1417 1965 1497 2001 quo

168 2020 353 2057 Metellus
382 2019 493 2056 initio
522 2019 708 2067 Iugurtha
736 2017 968 2068 pacificante
996 2015 1232 2066 praesidium
1261 2016 1495 2065 inposuerat,

166 2083 313 2132 fatigati
352 2083 450 2132 regis
490 2082 706 2132 suppliciiS,
747 2094 876 2130 neque
920 2088 1036 2118 antea
1080 2082 1281 2119 uoluntate
1325 2080 1494 2126 alienati,

167 2147 362 2196 principes
402 2147 572 2185 ciuitatis
611 2146 714 2184 inter
751 2159 792 2183 se
837 2145 1054 2183 coniurant.
1113 2157 1203 2182 nam
1244 2146 1394 2194 uolgus,
1442 2146 1496 2183 uti
1536 2165 1539 2167 ·

166 2213 396 2261 plerumque
431 2213 530 2249 solet
563 2220 604 2249 et
639 2223 820 2248 maxume
855 2210 1126 2254 Numidarum,
1158 2209 1317 2258 ingenio
1348 2209 1494 2256 mobili,

165 2277 393 2315 seditiosum
436 2277 553 2324 atque
597 2275 885 2312 discordiosum
930 2280 1022 2319 erat,
1067 2273 1256 2322 cupidum
1306 2287 1496 2313 nouarum
