1596 2495
416 75 504 111 DE
540 73 739 110 BELLO
776 72 1176 110 JUGURTHJNO
1412 73 1461 120 63

72 192 76 195 ’
129 180 362 230 superbiam.
421 179 565 217 deinde
605 177 792 217 exercitus
827 177 879 215 ibi
915 184 973 215 est
1006 178 1183 215 locorum
1219 178 1357 221 sciens,
1393 177 1461 213 sed

130 245 351 283 mehercule
385 243 506 294 magis
541 251 720 282 strenuus
758 256 875 292 quam
910 242 1015 280 felix.
1072 256 1164 279 nam
1200 254 1340 290 magna
1374 253 1462 289 pars
1482 239 1531 283 46

129 309 211 348 eius
240 308 401 347 auaritia
429 317 495 346 aut
526 308 744 346 temeritate
775 309 921 345 ducum
953 306 1095 344 adtrita
1130 314 1198 344 est.
1258 319 1376 355 quam
1410 306 1462 343 ob
1483 313 1530 348 47

130 387 211 413 rem
246 387 327 420 uos,
362 373 505 422 quibus
537 373 711 410 militaris
743 380 850 410 aetas
881 378 950 417 est,
984 370 1206 409 adnitimini
1238 383 1393 408 mecum
1425 378 1463 408 et

130 438 321 488 capessite
358 452 441 476 rem
475 437 688 487 publicam,
723 449 852 486 neque
886 447 1126 484 quemquam
1164 448 1210 472 ex
1243 434 1463 472 calamitate

130 503 295 541 aliorum
322 510 388 540 aut
414 501 695 551 imperatorum
723 500 904 551 superbia
932 506 1058 537 metus
1088 498 1245 548 ceperit.
1308 506 1463 548 egomet

130 567 170 604 in
197 566 350 616 agmine
379 574 445 605 aut
474 567 514 604 in
543 568 694 616 proelio
721 567 920 604 consultor
946 565 1050 602 idem
1080 572 1118 602 et
1144 563 1273 602 socius
1301 563 1463 612 periculi

132 631 335 670 uobiscum
370 632 499 679 adero,
535 644 677 680 meque
716 643 869 680 uosque
907 629 947 667 in
986 630 1169 667 omnibus
1207 630 1323 666 rebus
1358 628 1464 666 iuxta

130 709 271 746 geram.
348 702 386 734 et
425 697 599 745 profecto
638 695 697 734 dis
736 694 964 733 iuuantibus
1003 693 1136 732 onmia
1173 701 1323 731 matura
1360 702 1460 739 sunt,
1482 701 1532 746 48

131 760 308 806 uictoria,
338 761 495 810 praeda,
525 762 618 798 laus.
679 773 779 810 quae
819 759 849 798 si
888 758 1009 797 dubia
1047 765 1114 797 aut
1149 760 1286 807 procul
1320 766 1466 804 essent,

131 833 262 865 tamen
283 826 410 864 omnis
430 827 557 864 bonos
577 827 629 864 rei
650 826 833 875 publicae
852 822 1061 862 subuenire
1082 824 1258 862 decebat.
1318 823 1463 862 etenim
1483 838 1533 874 49

133 904 252 928 nemo
279 889 433 940 ignauia
460 889 676 928 inmortalis
703 891 826 927 factus
851 896 920 935 est,
942 901 1072 938 neque
1096 888 1302 937 quisquam
1324 902 1463 938 parens

132 957 263 994 liberis
301 955 356 994 uti
394 956 540 994 aeterni
579 957 704 994 forent
744 956 906 1004 optauit,
947 953 1069 1004 magis
1104 954 1160 992 uti
1193 954 1288 992 boni
1322 955 1463 992 hones-

132 1021 240 1070 tique
273 1020 392 1058 uitam
423 1020 630 1070 exigerent.
687 1021 799 1070 plura
828 1020 1011 1066 dicerem,
1043 1018 1225 1068 Quirites,
1257 1019 1288 1057 si
1318 1019 1464 1057 timidis
1484 1031 1534 1068 50

133 1087 313 1124 uirtutem
352 1087 473 1124 uerba
511 1087 708 1125 adderent.
783 1099 873 1123 nam
916 1084 1082 1124 strenuis
1117 1085 1275 1123 abunde
1314 1084 1463 1123 dictum

133 1153 252 1201 puto.'

217 1215 505 1255 Huiuscemodi
535 1215 710 1254 oratione
739 1213 873 1253 habita
903 1214 1064 1260 Marius,
1096 1222 1308 1264 postquam
1339 1214 1464 1264 plebis
1483 1212 1542 1255 86

133 1280 285 1318 animos
315 1287 483 1319 arrectos
512 1280 632 1326 uidet,
661 1293 824 1329 propere
854 1287 1077 1326 conmeatu,
1108 1279 1318 1329 stipendio,
1348 1279 1464 1318 armis

133 1346 296 1395 aliisque
316 1345 476 1384 utilibus
496 1344 608 1383 nauis
628 1352 788 1391 oneratg
817 1357 907 1382 cum
927 1344 988 1382 his
1009 1346 1053 1382 A.
1078 1343 1274 1382 Manlium
1294 1345 1465 1393 legatum

135 1409 327 1459 proficisci
365 1409 484 1448 iubet.
543 1409 625 1458 ipse
663 1409 812 1447 interea
849 1408 991 1447 milites
1026 1407 1204 1455 scribere,
1241 1422 1323 1447 non
1357 1421 1465 1448 more
1487 1424 1505 1447 2

135 1474 327 1512 maiorum
355 1487 484 1522 neque
511 1487 559 1512 ex
585 1472 785 1519 classibus,
812 1474 880 1510 sed
909 1473 964 1510 uti
991 1472 1181 1521 cuiusque
1207 1473 1344 1511 lubido
1372 1482 1464 1518 erat,

134 1539 262 1589 capite
294 1552 433 1578 censos
466 1540 684 1588 plerosque.
743 1537 783 1575 id
814 1538 959 1575 factum
991 1537 1056 1575 alii
1087 1537 1221 1587 inopia
1254 1538 1461 1587 bonorum,
1484 1549 1505 1584 3

134 1603 198 1642 alii
242 1617 311 1653 per
355 1602 610 1641 ambitionem
650 1601 822 1640 consulis
859 1602 1143 1649 memorabant,
1183 1603 1292 1651 quod
1329 1604 1379 1641 ab
1417 1617 1465 1642 eo

134 1681 275 1717 genere
320 1668 538 1706 celebratus
580 1674 797 1716 auctusque
837 1674 927 1712 erat,
970 1673 1008 1704 et
1052 1665 1202 1704 homini
1247 1667 1464 1716 potentiam

136 1733 336 1782 quaerenti
361 1734 644 1781 egentissumus
666 1732 830 1781 quisque
851 1731 1232 1781 opportunissumus,
1254 1731 1316 1770 cui
1337 1746 1466 1782 neque

136 1810 207 1835 sua
243 1809 344 1842 cara,
379 1796 526 1846 quippe
563 1809 666 1845 quae
703 1797 810 1834 nulla
843 1805 943 1842 sunt,
979 1804 1018 1834 et
1051 1795 1184 1834 omnia
1217 1810 1306 1834 cum
1340 1797 1466 1846 pretio

137 1861 302 1898 honesta
338 1859 530 1898 uidentur.
601 1859 714 1909 igitur
754 1860 915 1905 Marius,
955 1873 1044 1897 cum
1083 1860 1283 1909 aliquanto
1320 1861 1509 1908 maiore4

138 1938 303 1963 numero
333 1938 448 1974 quam
480 1925 680 1963 decretum
711 1933 792 1963 erat
821 1925 861 1961 in
892 1925 1062 1963 Africam
1093 1926 1299 1974 profectus,
1332 1926 1466 1975 paucis

138 1989 276 2028 diebus
302 1989 461 2028 Uticam
482 1989 697 2027 aduehitur.
757 1988 948 2027 exercitus
969 1989 1005 2027 ei
1025 1989 1187 2027 traditur
1207 2002 1229 2026 a
1250 1991 1292 2027 P.
1316 1990 1466 2029 Rutilio
1485 1999 1505 2038 5

138 2056 276 2104 legato.
327 2068 426 2092 nam
452 2055 636 2092 Metellus
663 2062 920 2103 conspectum
943 2053 1044 2091 Mari
1064 2055 1224 2103 fugerat,
1247 2067 1295 2092 ne
1316 2054 1467 2094 uideret

138 2132 185 2158 ea
223 2132 322 2169 quae
356 2117 490 2156 audita
526 2118 679 2156 animus
717 2120 882 2157 tolerare
921 2118 1161 2167 nequiuerat.
1219 2120 1289 2157 sed
1327 2121 1466 2158 consul
1484 2122 1544 2167 87

140 2183 304 2232 expletis
335 2182 554 2232 legionibus
587 2183 893 2232 cohortibusque
926 2182 1133 2221 auxiliariis
1162 2183 1203 2220 in
1234 2196 1368 2233 agrum
1398 2185 1468 2223 fer-

141 2245 249 2285 tilem
289 2254 327 2285 et
364 2247 509 2296 praeda
548 2253 731 2285 onustum
770 2245 1049 2296 proficiscitur3
1093 2246 1228 2285 omnia
1260 2247 1314 2286 ibi
1351 2256 1468 2298 capta
