1576 2433
424 591 477 639 C.
531 589 890 638 SALLUSTI
944 588 1178 636 CRISPI

217 750 345 810 DE
408 750 713 812 BELLO
780 746 1399 812 IUGURTHINO

705 906 910 948 LIBER.

228 1050 343 1087 Falso
376 1048 547 1098 queritur
580 1048 631 1086 de
663 1055 800 1086 natura
838 1061 907 1086 sua
945 1061 1066 1097 genus
1104 1049 1333 1093 humanum,
1364 1046 1471 1096 quod
1489 1048 1515 1092 1

146 1114 329 1152 inbecilla
347 1120 464 1163 atque
484 1111 570 1151 aeui
590 1112 719 1151 breuis
735 1114 833 1150 forte
853 1112 984 1161 potius
1004 1126 1122 1162 quam
1143 1112 1286 1151 uirtute
1305 1121 1468 1162 regatur.

148 1190 240 1215 narn
273 1184 410 1215 contra
438 1177 658 1225 reputando
692 1189 822 1226 neque
855 1176 981 1214 maius
1010 1175 1116 1214 aliud
1144 1169 1274 1226 neque
1306 1183 1475 1226 praesta·
1495 1190 1514 1213 2

148 1241 262 1280 bilius
277 1240 465 1288 inuenias,
481 1241 682 1290 magisque
703 1247 863 1279 naturae
878 1240 1109 1279 industriam
1129 1241 1335 1279 hominum
1356 1254 1473 1291 quam

148 1305 228 1342 uim
244 1312 311 1343 aut
327 1313 481 1354 tempus
501 1305 648 1343 deesse.
707 1305 778 1342 sed
799 1305 877 1342 dux
895 1312 1013 1354 atque
1028 1304 1239 1354 imperator
1254 1305 1358 1344 uitae
1378 1318 1476 1344 mor-
1495 1317 1517 1353 3

148 1368 285 1406 talium
305 1368 458 1407 animus
479 1376 561 1407 est:
587 1367 654 1417 qui
673 1367 742 1406 ubi
760 1368 810 1406 ad
830 1367 993 1418 gloriam
1013 1368 1163 1407 uirtutis
1189 1369 1253 1407 uia
1272 1377 1473 1420 grassatur,

149 1434 306 1472 abunde
326 1434 479 1482 pollens
499 1440 720 1482 potensque
740 1440 779 1471 et
805 1434 928 1471 clarus
955 1441 1025 1480 est,
1046 1446 1175 1483 neque
1202 1434 1355 1472 fortuna
1375 1442 1472 1484 eget,

149 1497 297 1547 quippe
329 1496 576 1547 probitatem,
607 1496 835 1535 industriam
865 1496 1038 1547 aliasque
1067 1497 1158 1536 artis
1187 1499 1312 1536 bonas
1345 1510 1475 1547 neque

151 1562 242 1600 dare
263 1574 392 1611 neque
412 1561 560 1610 eripere
579 1561 762 1611 cuiquam
783 1568 924 1610 potest.
983 1561 1042 1600 sin
1063 1568 1201 1611 captus
1220 1561 1352 1612 prauis
1372 1562 1476 1613 cupi·
1493 1576 1518 1609 4

148 1624 306 1665 dinibus
332 1625 382 1664 ad
410 1625 586 1664 inertiam
608 1632 646 1664 et
665 1627 888 1674 uoluptates
912 1624 1084 1675 corporis
1104 1639 1260 1675 pessum
1283 1626 1397 1664 datus
1417 1634 1476 1664 est

151 1687 370 1738 perniciosa
394 1687 570 1726 lubidine
596 1687 791 1738 paulisper
815 1701 918 1735 usus,
947 1688 1015 1727 ubi
1041 1702 1111 1738 per
1135 1690 1355 1729 socordiam
1376 1690 1476 1728 uires

149 1759 303 1802 tempus
336 1753 535 1802 ingenium
574 1752 784 1796 diffluxere,
819 1759 980 1791 naturae
1013 1752 1216 1792 infirmitas
1248 1762 1475 1793 accusatur:

150 1829 259 1854 sua-m
277 1815 443 1865 quisque
457 1816 612 1865 culpam
627 1823 806 1854 auctores
821 1817 871 1855 ad
890 1816 1048 1866 negotia
1067 1818 1310 1856 transferunt.
1368 1820 1476 1868 quod
1495 1832 1514 1868 5

150 1880 182 1918 si
203 1880 426 1918 hominibus
445 1880 637 1918 bonarum
656 1893 783 1918 rerum
805 1886 911 1918 tanta
932 1893 1025 1919 cura
1043 1888 1157 1927 esset,
1178 1889 1326 1931 quanto
1346 1882 1475 1922 studio

150 1943 278 1982 aliena
292 1957 338 1982 ac
353 1943 450 1981 nihil
465 1945 666 1993 profutura
681 1945 925 1993 multumque
947 1944 1065 1983 etiam
1085 1945 1304 1994 periculosa
1323 1954 1472 1996 petunt,

150 2020 279 2056 neque
305 2016 530 2058 regerentur
556 2007 678 2058 magis
705 2020 824 2057 quam
850 2016 1027 2059 regerent
1053 2023 1164 2048 casus
1192 2017 1230 2049 et
1255 2023 1304 2049 eo
1329 2012 1476 2061 magni-

149 2071 296 2109 tudinis
313 2072 582 2120 procederent,
599 2071 667 2109 ubi
687 2083 758 2120 pro
773 2072 1000 2111 mortalibus
1019 2074 1141 2123 gloria
1161 2075 1307 2113 aeterni
1326 2076 1473 2114 fierent.

150 2147 241 2172 nam
267 2134 323 2172 uti
349 2147 470 2184 genus
496 2134 701 2172 hominum
730 2136 994 2184 compositum
1021 2149 1069 2174 ex
1094 2150 1256 2187 corpore
1281 2147 1320 2177 et
1345 2139 1476 2177 anima
1494 2148 1522 2191 2

151 2205 219 2244 est,
236 2197 290 2235 ita
309 2210 368 2236 res
388 2204 553 2235 cunctae
573 2196 781 2247 studiaque
800 2199 933 2237 omnia
953 2207 1085 2237 nostra
1105 2200 1277 2250 corporis
1296 2202 1383 2249 alia,
1400 2203 1476 2241 alia

150 2259 267 2297 animi
301 2266 477 2297 naturam
511 2268 703 2298 secuntur.
762 2261 876 2311 igitur
912 2264 1108 2311 praeclara
1143 2264 1275 2309 facies,
1309 2278 1475 2314 magnae
1495 2281 1513 2304 2

256 2349 286 2377 S.
1347 2358 1365 2386 1
