1596 2495
418 82 507 118 DE
543 82 741 118 BELLO
777 81 1176 118 IUGURTHJNO
1413 93 1456 127 13

137 188 270 219 senatu
293 189 434 231 petere,
458 193 507 218 ne
527 193 568 217 se
594 179 711 217 alium
736 186 918 228 putarent
942 192 988 216 ac
1016 180 1256 217 Numantiae
1280 180 1458 228 cognitus

135 253 246 292 esset,
278 257 355 283 neu
385 246 503 282 uerba
533 244 677 281 inimici
706 251 797 282 ante
826 245 927 282 facta
955 257 1025 281 sua
1053 251 1254 293 ponerent.
1314 245 1458 283 deinde
1480 258 1497 281 2

135 309 286 357 utrique
336 309 442 346 curia
492 307 752 358 egrediuntur.
837 317 994 347 senatus
1047 309 1178 347 statim
1230 311 1454 349 consulitur.

134 375 302 412 fautores
339 374 568 423 legatorum,
607 381 808 423 praeterea
841 381 998 412 senatus
1033 387 1174 423 magna
1212 388 1299 424 pars
1337 375 1459 425 gratia

135 438 347 487 deprauata
366 437 601 475 Adherbalis
628 438 732 476 dicta
752 445 1014 484 contemnere,
1039 439 1249 488 Iugurthae
1274 439 1454 478 uirtutem

133 502 316 539 extollere
337 501 534 540 laudibus:
561 501 695 550 gratia,
717 515 828 548 uoce,
846 503 1016 552 denique
1036 503 1218 542 omnibus
1239 504 1366 542 modis
1386 519 1456 555 pro

133 566 261 604 alieno
290 568 435 605 scelere
467 574 506 605 ct
539 566 683 616 flagitio
717 579 786 604 sua
819 567 929 616 quasi
964 581 1035 617 pro
1067 569 1190 617 gloria
1222 570 1454 608 nitebantur.

132 639 171 669 at
200 639 335 670 contra
365 631 489 680 pauci,
521 631 663 681 quibus
697 631 845 669 bonum
880 639 917 670 et
951 645 1118 682 aequom
1154 633 1298 672 diuitiis
1331 634 1456 672 carius
1476 645 1497 680 3

133 704 224 741 erat,
242 695 559 734 subueniundum
580 695 793 734 Adherbali
814 703 852 734 et
875 697 1115 747 Hiempsalis
1135 706 1300 737 mortem
1321 713 1455 738 seuere

132 761 409 799 uindicandam
433 762 659 809 censebant,
682 762 751 800 sed
777 775 824 800 ex
847 762 1031 801 omnibus
1055 776 1237 803 maxume
1265 765 1454 804 Aemilius
1474 780 1496 813 4

132 827 306 874 Scaurus,
335 826 456 864 homo
483 825 637 872 nobilis,
661 825 820 875 inpiger,
846 826 1041 874 factiosus,
1072 827 1211 866 auidus
1240 829 1451 878 potentiae,

130 890 299 936 honoris,
335 889 570 937 diuitiarum,
611 896 784 928 ceterum
823 890 918 928 uitia
956 904 1024 929 sua
1062 892 1201 931 callide
1239 895 1451 933 occultans.

130 955 162 993 is
190 962 399 1004 postquam
426 954 535 993 uidet
563 953 662 1004 regis
691 954 934 1004 largitionem
965 957 1153 994 famosam
1183 956 1455 1007 inpudentem·
1473 971 1493 1009 5

131 1032 218 1069 que,
257 1019 414 1064 ueritus,
455 1020 564 1067 quod
601 1018 642 1056 in
681 1019 747 1056 tali
784 1032 825 1057 re
863 1021 972 1067 solet,
1015 1034 1064 1059 ne
1102 1022 1252 1071 polluta
1296 1022 1453 1061 licentia

130 1084 317 1122 inuidiam
337 1084 585 1129 adcenderet,
607 1083 782 1121 animum
802 1097 826 1122 a
843 1092 1034 1123 consueta
1053 1085 1229 1125 lubidine
1248 1086 1450 1125 continuit.

130 1149 221 1188 uicit
258 1158 387 1187 tamen
427 1149 467 1186 in
506 1156 642 1187 senatu
677 1161 765 1197 pars
803 1148 879 1195 illa,
915 1162 1015 1198 quae
1053 1162 1146 1188 uero
1186 1150 1352 1199 pretium
1386 1160 1452 1190 aut
1475 1153 1529 1196 16

129 1214 287 1263 gratiam
308 1214 558 1252 anteferebat.
617 1214 818 1252 decretum
839 1214 881 1252 fit
901 1214 957 1253 uti
978 1215 1116 1254 decem
1137 1215 1250 1265 legati
1277 1229 1450 1265 regnum,
1474 1235 1491 1258 2

129 1280 236 1328 quod
267 1278 434 1328 Micipsa
462 1278 694 1327 optinuerat,
725 1278 825 1317 inter
860 1280 1086 1329 Iugurtham
1117 1287 1154 1317 et
1188 1280 1450 1319 Adherbalem

129 1343 360 1381 diuiderent.
419 1343 528 1381 cuius
544 1343 747 1393 legationis
768 1343 946 1393 princeps
967 1344 1037 1382 fuit
1060 1346 1103 1382 L.
1120 1344 1311 1394 Opimius,
1331 1347 1450 1385 homo

128 1409 252 1445 clarus
278 1414 317 1445 et
343 1415 425 1445 turn
452 1407 489 1444 in
518 1415 655 1445 senatu
676 1414 826 1456 potens,
857 1409 948 1457 quia
978 1409 1115 1446 consul
1143 1411 1186 1448 C.
1211 1411 1391 1448 Graccho
1413 1420 1449 1449 et

131 1474 186 1509 M.
211 1472 348 1509 Fuluio
376 1474 518 1510 Flacco
539 1472 750 1510 interfectis
778 1486 976 1512 acerrume
1003 1473 1206 1512 uictoriam
1235 1476 1449 1514 nobilitatis

127 1537 166 1574 in
201 1538 355 1586 plebem
390 1544 624 1575 exercuerat.
682 1549 773 1575 eum
813 1538 999 1588 Iugurtha
1032 1539 1186 1577 tametsi
1221 1541 1375 1579 Romae
1407 1543 1448 1579 z'n
1469 1554 1490 1590 3

127 1601 292 1638 inimicis
325 1602 523 1648 habuerat,
558 1609 691 1639 tamen
728 1601 1034 1641 adcuratissume
1052 1603 1211 1652 recepit,
1244 1605 1377 1643 dando
1411 1613 1448 1644 et

127 1665 350 1714 pollicendo
374 1667 496 1703 multa
518 1665 690 1715 perfecit,
716 1666 771 1704 uti
798 1667 909 1712 fama,
933 1667 1020 1713 fide,
1041 1675 1240 1716 postremo
1264 1669 1447 1708 omnibus

127 1728 204 1766 suis
240 1729 356 1766 rebus
393 1729 643 1766 commodum
683 1728 781 1778 regis
819 1731 1034 1768 anteferret.
1091 1731 1261 1780 reliquos
1299 1733 1446 1782 legatos
1466 1751 1490 1785 4

128 1794 268 1831 eadem
302 1792 365 1830 uia
394 1806 594 1842 aggressus
628 1795 834 1842 plerosque
868 1794 995 1843 capit:
1034 1796 1169 1843 paucis
1198 1797 1321 1834 carior
1350 1799 1446 1836 fides

126 1870 242 1906 quam
281 1857 448 1905 pecunia
488 1857 570 1894 fuit.
628 1857 667 1894 in
709 1856 914 1903 diuisione,
961 1870 1062 1907 quae
1102 1872 1191 1908 pars
1234 1861 1446 1900 Numidiae
1465 1876 1484 1913 5

127 1921 413 1958 Mauretaniam
445 1919 609 1969 attingit,
642 1933 733 1970 agro
765 1920 936 1968 uirisque
970 1922 1202 1971 opulentior,
1237 1925 1446 1973 Iugurthae

124 1985 297 2032 traditur,
330 1985 437 2023 illam
475 1986 634 2023 alteram
674 1984 803 2034 specie
841 1998 960 2034 quam
997 1999 1068 2024 usu
1106 1989 1310 2037 potiorem,
1345 2003 1445 2039 quae

125 2049 342 2098 portuosior
391 2057 429 2087 et
477 2048 662 2087 aedificiis
712 2051 834 2099 magis
883 2058 1067 2089 exornata
1115 2060 1207 2098 erat,
1245 2054 1444 2093 Adherbal

125 2113 309 2162 possedit.

207 2180 288 2216 Res
320 2178 516 2226 postulare
550 2176 890 2215 uidetur'Africae
923 2178 1040 2216 situm
1078 2180 1212 2229 paucis
1250 2194 1445 2231 exponere
1465 2182 1523 2226 17

125 2250 162 2282 et
197 2255 262 2280 eas
294 2244 430 2292 gentiS,
467 2242 698 2291 quibuscum
735 2242 848 2280 nobis
881 2244 1026 2281 bellum
1059 2252 1126 2283 aut
1158 2247 1329 2285 amicitia
1361 2248 1442 2294 fuit,
