1596 2495
410 58 497 94 DE
534 58 734 96 BELLO
770 59 883 96 [ΗΘ
892 59 1167 96 URTHJNO
1403 73 1420 107 7
1431 73 1445 97 1

126 156 236 195 uictis
266 157 337 196 sibi
367 158 611 197 munimento
642 160 734 205 fore,
771 167 819 205 et,
856 159 887 197 si
921 159 1117 204 uicissent,
1154 161 1262 199 nullo
1289 160 1451 210 impedi-

127 229 269 267 mento,
319 222 410 271 quia
457 224 631 261 locorum
680 223 846 261 scientes
894 232 1027 262 erant:
1075 232 1211 262 contra
1260 226 1450 263 Romanis

125 294 329 336 utrumque
350 300 482 324 casum
503 287 543 325 in
564 287 734 325 tenebris
761 286 1019 325 difficiliorem
1045 289 1138 326 fore.
1198 288 1310 337 igitur
1336 288 1450 326 simul
1468 303 1493 337 4

123 352 259 388 consul
279 363 326 389 ex
345 351 475 389 multis
495 352 544 388 de
564 351 736 389 hostium
757 352 931 389 aduentu
952 350 1151 400 cognouit,
1172 358 1209 388 et
1230 351 1302 401 ipsi
1317 352 1450 390 hostes

122 414 296 461 aderant,
331 422 369 452 et
402 414 626 464 priusquam
665 416 856 453 exercitus
895 423 962 453 aut
999 415 1136 453 instrui
1175 423 1242 453 aut
1281 416 1450 454 sarcinas

122 477 315 528 colligere,
347 478 518 527 denique
551 487 765 528 antequam
799 479 954 529 signum
986 487 1052 517 aut
1086 479 1295 529 imperium
1327 481 1449 517 ullum

122 542 298 592 accipere
315 542 450 592 quitur,
470 542 619 591 equites
643 542 771 581 Mauri
790 550 907 592 atque
928 542 1094 590 Gaetuli,
1117 556 1198 581 non
1219 543 1302 582 acie
1322 557 1450 593 neque

123 608 202 644 ullo
229 619 338 645 more
365 606 500 655 proeli,
526 608 594 645 sed
625 607 864 652 cateruatim,
894 607 950 645 uti
979 620 1157 657 quosque
1187 613 1264 647 sors
1295 610 1452 658 conglo-

124 672 294 717 bauerat,
317 670 357 708 in
376 679 531 709 nostros
558 671 767 709 incurrunt.
827 671 894 720 qui
921 684 1069 717 omnes,
1092 672 1232 721 trepidi
1252 672 1450 721 inprouiso
1470 684 1488 722 5

123 743 229 773 metu
257 747 304 772 ac
333 742 464 773 tamen
493 734 645 772 uirtutis
674 747 878 781 memores,
909 742 975 772 aut
1003 748 1112 772 arma
1145 735 1352 785 capiebant
1384 743 1450 774 aut
1504 733 1506 736 ’

122 798 312 848 capientis
339 800 436 836 alios
463 799 512 837 ab
540 798 716 837 hostibus
743 799 1026 837 defensabant:
1056 811 1144 848 pars
1171 811 1294 848 equos
1321 812 1450 837 escen-

123 863 226 910 dere,
263 862 423 901 obuiam
458 863 512 900 ire
550 863 738 909 hostibus,
772 875 904 912 pugna
936 862 1140 901 latrocinio
1176 862 1297 913 magis
1331 876 1446 912 quarn

122 927 272 977 proelio
292 926 427 965 similis
448 927 553 966 fieri:
583 927 667 966 sine
687 928 818 977 signis,
840 927 924 966 sine
948 927 1150 966 ordinibus
1175 927 1325 976 equites
1345 927 1449 977 pedi-

123 1000 260 1041 tesque
289 990 470 1040 permixti
497 992 636 1030 cedere
663 992 770 1038 alius,
797 992 895 1029 alius
922 990 1157 1037 obtruncari,
1179 992 1289 1029 multi
1316 1000 1449 1030 contra

122 1057 310 1094 aduorsos
331 1068 530 1093 acerrume
555 1063 775 1105 pugnantes
802 1057 852 1094 ab
878 1064 987 1106 tergo
1014 1055 1299 1103 circumueniri,
1322 1070 1448 1107 neque

124 1121 243 1158 uirtus
265 1132 392 1169 neque
412 1133 518 1158 arma
539 1121 630 1158 satis
652 1127 792 1169 tegere,
815 1121 908 1170 quia
926 1122 1059 1159 hostes
1079 1133 1241 1159 numero
1262 1123 1392 1171 plures
1411 1130 1449 1161 et

123 1185 298 1234 undique
317 1185 538 1222 circumfusi
559 1193 677 1222 erant.
724 1185 894 1235 denique
912 1185 1093 1232 Romani,
1112 1194 1260 1224 ueteres
1277 1186 1449 1236 nouique

123 1251 175 1288 ob
189 1263 337 1298 eaquae
345 1257 465 1299 supra
480 1252 691 1287 memorauz'
701 1264 814 1299 aeque
822 1250 986 1288 scientes
995 1251 1097 1297 belli,
1109 1250 1139 1288 si
1152 1264 1250 1300 quos
1263 1251 1371 1288 locus
1385 1258 1450 1288 aut

123 1328 233 1353 casus
251 1314 518 1362 coniunxerat,
537 1314 641 1352 orbis
658 1316 796 1358 facere,
812 1322 929 1364 atque
945 1315 998 1353 ita
1013 1316 1062 1353 ab
1079 1315 1260 1353 omnibus
1277 1316 1450 1365 partibus

123 1379 238 1417 simul
258 1379 350 1417 tecti
369 1387 409 1418 et
427 1379 601 1417 instructi
624 1379 795 1416 hostium
817 1379 895 1416 uim
918 1380 1197 1418 sustentabant.
1257 1393 1385 1429 neque
1411 1379 1450 1418 in
1468 1376 1527 1420 98

123 1457 172 1483 eo
192 1452 272 1482 tam
293 1456 433 1493 aspero
453 1443 612 1493 negotio
635 1443 782 1481 Marius
803 1443 956 1482 territus
977 1452 1044 1482 aut
1064 1444 1186 1494 magis
1203 1458 1317 1493 quam
1335 1452 1451 1483 antea

125 1509 297 1548 demisso
316 1509 448 1547 animo
469 1509 551 1555 fuit,
573 1509 642 1547 sed
663 1522 752 1546 cum
773 1516 899 1546 turma
919 1522 998 1555 sua,
1016 1522 1134 1558 quam
1154 1522 1202 1547 ex
1222 1509 1450 1547 fortissumis

126 1574 248 1625 magis
287 1587 403 1624 quarn
443 1572 762 1611 familiarissumis
801 1581 1014 1622 parauerat,
1056 1573 1186 1622 uagari
1225 1573 1367 1622 passim
1405 1586 1451 1611 ac

125 1640 245 1678 modo
274 1639 541 1677 laborantibus
571 1639 649 1676 suis
679 1651 910 1684 succurrere,
941 1639 1061 1676 modo
1095 1638 1228 1685 hostis,
1263 1638 1328 1676 ubi
1362 1650 1453 1675 con-

125 1703 333 1742 fertissumi
362 1703 603 1750 obstiterant,
635 1702 841 1740 inuadere:
872 1716 991 1740 manu
1020 1704 1222 1741 consulere
1252 1702 1449 1747 militibus,

125 1768 312 1817 quoniam
339 1767 528 1818 imperare
555 1767 795 1806 conturbatis
823 1768 1006 1805 omnibus
1033 1780 1114 1805 non
1139 1774 1298 1816 poterat.
1360 1767 1450 1804 iam·
1472 1780 1490 1803 2

128 1846 204 1882 que
225 1833 309 1871 dies
329 1840 585 1882 consumptus
606 1840 697 1877 erat,
714 1845 804 1870 cum
821 1840 951 1870 tamen
968 1832 1121 1870 barbari
1142 1832 1237 1869 nihil
1256 1831 1450 1869 remittere

126 1905 255 1946 atque,
286 1897 340 1934 uti
375 1909 483 1945 reges
517 1903 805 1945 praeceperant,
841 1903 998 1933 noctem
1032 1907 1102 1944 pro
1136 1908 1177 1933 se
1210 1894 1292 1940 rati,
1327 1894 1451 1932 acrius

127 1960 279 1999 instare.
329 1967 409 1998 tum
435 1960 582 1998 Marius
604 1973 651 1998 ex
670 1960 786 2009 copia
805 1972 930 1997 rerum
951 1958 1157 1997 consilium
1178 1958 1304 2002 trahit,
1320 1966 1448 2007 atque,
1470 1975 1490 2009 3

127 2026 182 2064 uti
202 2025 279 2063 suis
299 2025 472 2075 receptui
493 2027 602 2063 locus
623 2031 736 2073 esset,
759 2024 870 2062 collis
897 2025 996 2063 duos
1022 2024 1264 2073 propinquos
1291 2024 1391 2061 inter
1410 2036 1451 2061 se

127 2082 306 2140 occupat,
335 2103 499 2139 quorum
528 2090 566 2127 in
595 2103 684 2136 uno,
714 2089 847 2127 castris
874 2102 1009 2138 parum
1037 2090 1180 2138 amplo,
1210 2088 1298 2126 fons
1327 2101 1452 2137 aquae

129 2166 289 2204 magnus
311 2163 402 2202 erat,
424 2156 519 2192 alter
538 2154 624 2191 usui
645 2161 901 2202 opportunus,
924 2153 1013 2202 quia
1034 2165 1175 2202 magna
1195 2160 1304 2201 parte
1324 2152 1452 2190 editus

128 2226 165 2256 et
197 2231 383 2268 praeceps
416 2231 543 2268 pauca
575 2220 819 2256 munimenta
852 2218 1076 2266 quaerebat.
1136 2225 1308 2255 ceterum
1346 2217 1450 2266 apud
1471 2230 1494 2262 4
