1596 2495
177 108 226 155 56
540 108 579 144 C.
621 108 915 146 SALLUSTJ
953 109 1148 147 CRJSJ’J

175 210 420 260 Cyrenenses
451 209 598 249 tardius
627 209 714 250 iere.
775 210 814 249 id
846 211 1077 251 socordiane
1110 226 1161 251 an
1195 226 1288 252 casu
1322 213 1506 253 acciderit

132 279 155 314 6
175 286 311 322 parum
340 276 520 325 cognoui.
579 284 753 314 ceterum
779 277 877 315 solet
898 277 937 314 in
959 277 1032 315 illis
1052 277 1147 316 locis
1168 286 1381 328 tempestas
1402 280 1506 318 haud

175 352 286 378 secus
312 348 430 390 atque
457 341 496 378 in
522 340 616 378 mari
638 341 814 380 retinere.
873 354 965 379 nam
986 341 1052 380 ubi
1073 355 1143 392 per
1163 343 1251 381 loca
1271 343 1450 392 aequalia
1469 349 1507 381 et

176 405 281 442 nuda
313 404 556 454 gignentium
587 412 727 443 uentus
757 413 916 444 coortus
945 407 1131 444 harenam
1160 403 1283 445 humo
1311 407 1504 454 excitauit,

175 481 221 507 ea
265 482 406 519 magna
451 469 490 507 ui
534 469 678 519 agitata
722 483 790 509 ora
829 471 1046 520 oculosque
1093 470 1256 521 implere
1304 473 1415 520 solet,
1454 472 1508 510 ita

136 544 152 578 7
178 540 386 582 prospectu
432 533 623 583 impedito
668 533 809 572 morari
854 535 934 573 iter.
1012 543 1222 585 postquam
1263 536 1508 586 Cyrenenses

174 599 375 648 aliquanto
405 599 637 649 posteriores
667 613 708 638 se
736 613 822 638 esse
851 599 988 638 uident
1018 608 1056 638 et
1085 601 1138 638 ob
1166 613 1247 639 rem
1277 609 1507 651 conruptam

175 663 282 700 domi
302 676 451 713 poenas
473 670 664 708 metuunt,
678 662 873 701 criminari
895 662 1229 713 Carthaginiensis
1245 672 1336 703 ante
1352 673 1509 715 tempus

175 728 296 766 domo
317 728 522 779 digressos,
540 730 775 767 conturbare
795 741 887 774 rem,
907 728 1080 778 denique
1101 729 1234 767 onmia
1255 731 1371 768 malle
1392 743 1508 779 quam

132 792 154 828 8
176 792 269 831 uicti
297 793 414 832 abire.
474 795 543 832 sed
576 806 665 831 cum
706 794 830 832 Poeni
869 793 983 831 aliam
1018 794 1310 840 condicionem,
1342 802 1509 833 tantum-

174 858 296 895 modo
320 871 497 907 aequam,
522 865 709 907 peterent,
733 856 871 895 Graeci
901 858 1104 907 optionem
1127 857 1508 907 Carthaginiensium

174 923 331 970 faciunt,
358 930 400 961 ut
428 924 492 961 uel
521 923 587 970 illi,
610 936 710 972 quos
740 922 827 960 finis
856 923 1005 971 populo
1036 935 1107 959 suo
1139 931 1328 972 peterent,
1349 923 1403 961 ihi
1430 922 1507 962 uini

174 991 441 1034 obruerentur,
474 989 536 1026 uel
574 989 713 1027 eadem
754 987 990 1025 condicione
1029 1000 1114 1025 sese
1152 1001 1269 1037 quem
1305 987 1343 1025 in
1378 989 1508 1026 locum

132 1056 320 1100 9uellent
359 1067 622 1105 processuros.
697 1053 875 1091 Philaeni
913 1052 1149 1091 condicione
1187 1055 1351 1103 probata
1389 1068 1509 1104 seque

174 1121 376 1170 uitamque
406 1133 515 1158 suam
545 1120 598 1158 rei
628 1120 808 1170 publicae
839 1119 1142 1157 condonauere:
1176 1119 1230 1157 ita
1260 1119 1339 1158 uiui
1366 1121 1505 1159 obruti.

109 1199 154 1222 10
176 1185 520 1236 Carthaginienses
559 1186 598 1222 in
637 1197 685 1222 eo
720 1185 809 1222 loco
850 1183 1046 1222 Philaenis
1085 1184 1266 1222 fratribus
1300 1198 1385 1222 aras
1419 1199 1506 1224 con-

175 1264 387 1298 secrauere‚
410 1250 553 1300 aliique
574 1249 647 1287 illis
668 1250 775 1288 domi
799 1250 968 1288 honores
989 1248 1163 1287 instituti.
1224 1263 1329 1287 nunc
1350 1251 1398 1288 ad
1426 1264 1506 1289 rem

174 1316 304 1354 redeo.

95 1379 155 1422 80
256 1381 455 1431 Iugurtha,
496 1388 704 1430 postquam
743 1379 887 1419 amissa
925 1380 1052 1418 Thala
1089 1380 1185 1418 nihil
1223 1380 1314 1419 satis
1353 1381 1508 1419 firmum

175 1454 310 1484 contra
338 1447 544 1485 Metellum
574 1454 696 1495 putat,
720 1459 788 1495 per
816 1459 976 1495 magnas
1004 1445 1234 1484 solitudines
1261 1459 1350 1483 cum
1373 1445 1508 1494 paucis

175 1514 384 1562 profectus,
424 1512 603 1561 peruenit·
642 1513 692 1550 ad
731 1513 930 1557 Gaetulos,
971 1524 1092 1560 genus
1132 1510 1338 1549 hominum
1382 1512 1506 1549 ferum

174 1577 445 1626 incultumque
487 1586 525 1615 et
568 1589 616 1614 co
663 1584 839 1625 tempore
884 1576 1059 1625 ignarum
1106 1575 1276 1613 nominis
1323 1574 1503 1612 Romani.

135 1651 151 1673 2
174 1655 308 1680 eorum
337 1641 628 1680 multitudinem
656 1641 695 1678 in
720 1653 840 1677 unum
867 1639 968 1688 cogit
991 1653 1037 1677 ac
1059 1639 1245 1688 paulatim
1267 1639 1507 1677 consuefacit

175 1707 331 1745 ordines
359 1708 514 1753 hahere,
541 1706 651 1755 signa
681 1704 801 1754 sequi,
828 1704 1034 1754 imperium
1064 1706 1286 1754 obseruare,
1310 1704 1403 1743 item
1433 1705 1507 1742 alia

131 1782 152 1817 3
176 1771 352 1809 militaria
378 1772 514 1810 facere.
574 1778 778 1820 praeterea
806 1769 905 1818 regis
937 1769 1085 1806 Bocchi
1115 1781 1328 1818 proxumos
1358 1768 1506 1818 magnis

174 1836 400 1875 muneribus
422 1844 459 1874 et
479 1836 694 1874 maioribus
723 1834 922 1884 promissis
949 1836 1000 1873 ad
1024 1835 1196 1872 studium
1223 1833 1278 1872 sui
1303 1834 1505 1884 perducit:

174 1902 258 1951 quis
304 1901 546 1940 adiutoribus
591 1914 723 1951 regem
769 1913 972 1950 aggressus
1018 1899 1171 1948 inpellit
1215 1898 1271 1936 uti
1317 1899 1506 1937 aduorsus

130 1976 155 2010 4
179 1969 379 2005 Romanos
406 1967 553 2004 bellum
577 1965 752 2014 incipiat.
811 1964 850 2002 id
876 1977 923 2002 ea
945 1963 1066 2013 gratia
1091 1962 1240 2001 facilius
1266 1963 1506 2012 proniusque

175 2032 256 2077 suit,
296 2031 404 2080 quod
444 2032 626 2068 Bocchus
665 2029 778 2068 initio
817 2029 977 2066 huiusce
1017 2029 1107 2065 belli
1147 2028 1295 2076 legatos
1334 2028 1504 2065 Romam

133 2105 151 2142 5
176 2097 330 2133 miserat
363 2096 501 2133 foedus
533 2103 571 2133 et
603 2094 817 2132 amicitiam
849 2093 1026 2142 petitum,
1057 2104 1176 2140 quam
1207 2104 1288 2129 rem
1320 2098 1506 2140 opportu-

175 2161 387 2198 nissumam
418 2160 578 2209 incepto
608 2160 713 2198 bello
743 2158 857 2208 pauci
885 2156 1171 2206 impediuerant
1198 2155 1503 2201 caeci·auaritia,
1545 2160 1549 2163 ⁴

175 2226 260 2274 quis
302 2224 434 2262 omnia
464 2224 637 2274 ,honesta
675 2231 794 2272 atque
832 2222 1041 2259 inhonesta
1078 2219 1248 2257 uendere
1287 2232 1373 2257 mos
1412 2227 1501 2259 erat.

132 2290 289 2327 Getiam
331 2296 445 2326 antea
484 2289 695 2338 Iugurthae·
734 2287 811 2324 filia
851 2285 995 2324 Bocchi
1031 2291 1224 2334 nupserat.
1286 2297 1421 2322 uerum
1459 2297 1503 2323 ea
