1596 2495
111 104 162 139 60
480 103 520 139 C.
563 101 859 139 SALLUSTJ
895 101 1092 138 CRISPJ

110 205 256 242 artibus
287 205 358 253 egi,
391 205 494 242 bene
524 205 650 241 facere
680 202 757 240 iarn
793 215 842 240 ex
875 203 1163 241 consuetudine
1198 202 1236 239 in
1272 210 1448 240 naturam

45 284 91 307 10
112 269 239 307 uortit.
301 270 446 307 bellum
473 281 535 306 me
555 281 688 317 gerere
709 280 798 305 cum
822 269 1010 317 Iugurtha
1030 267 1205 314 iussistis,
1228 281 1347 317 quam
1367 281 1448 307 rem

112 334 295 371 nobilitas
333 346 559 383 aegerrume
598 332 695 370 tulit.
761 346 922 382 quaeso,
962 340 1141 382 reputate
1180 346 1270 371 cum
1309 332 1449 371 animis

112 398 261 444 uostris,
295 411 389 436 num
425 398 463 436 id
495 406 645 436 mutare
676 397 815 436 melius
844 397 903 444 sit,
936 397 967 435 si
997 411 1115 447 quem
1149 411 1197 437 ex
1230 397 1297 437 illo
1329 399 1448 449 globo

112 463 327 502 nobilitatis
347 465 397 501 ad
418 464 494 502 hoc
514 471 581 501 aut
602 463 709 501 aliud
730 465 807 502 tale
828 463 1028 513 negotium
1051 463 1225 511 mittatis,
1246 464 1447 503 hominem

112 528 253 567 ueteris
270 529 477 578 prosapiae
493 542 539 567 ac
557 529 763 566 multarum
781 529 994 579 imaginum
1011 536 1048 567 et
1065 529 1208 568 nullius
1224 529 1449 580 stipendi——

112 593 260 632 scilicet
293 603 336 633 ut
370 595 407 632 in
444 602 552 632 tanta
586 607 626 632 re
661 594 816 644 ignarus
851 594 1026 631 omnium
1064 594 1244 643 trepidet,
1278 594 1446 641 festinet,

47 673 87 695 11
112 667 239 698 sumat
264 660 434 709 aliquem
460 672 507 697 ex
532 660 681 709 populo
702 659 938 698 monitorem
960 659 1062 697 offici
1083 659 1150 697 sui.
1210 659 1263 698 ita
1282 661 1447 709 plerum-

112 738 188 773 que
218 725 352 764 euenit
381 733 423 763 ut
453 738 570 774 quem
602 738 673 763 uos
702 725 893 774 imperare
919 724 1095 771 iussistis,
1116 725 1148 763 is
1174 725 1447 774 imperatorem

48 802 90 826 12
111 789 231 828 alium
272 797 442 839 quaerat.
502 797 620 839 atque
658 802 732 839 ego
772 789 864 836 5010,
903 790 1085 838 Quirites,
1122 789 1199 839 qui,
1240 798 1447 840 postquam
1483 819 1485 822 Α

113 857 295 893 0011511105
319 854 411 893 facti
438 862 539 902 sunt,
561 863 598 894 et
623 862 711 893 acta
734 856 925 893 maiorum
951 863 989 893 et
1010 856 1250 893 Graecorum
1271 855 1449 894 militaria

114 928 325 969 praecepta
374 922 501 969 legere
549 920 1046 971 coeperint—praeposteri
1094 921 1298 959 homines:
1355 934 1447 958 nam

112 998 243 1035 gerere
281 999 398 1035 quam
440 985 521 1024 fieri
560 993 737 1035 ternpore
772 986 976 1035 posterius,
1010 999 1051 1024 re
1084 993 1204 1036 atque
1238 1001 1310 1025 usu
1344 986 1447 1036 prius

50 1062 91 1096 13
114 1057 182 1088 est.
242 1058 456 1099 conparate
491 1063 608 1095 nune,
643 1050 826 1099 QuiriteS,
859 1064 946 1088 011111
983 1051 1137 1089 1110111111
1172 1051 1352 1100 superbia
1385 1064 1448 1089 me

113 1115 316 1153 hominem
341 1128 501 1153 nouom.
559 1129 661 1165 quae
686 1115 740 1154 illi
763 1116 898 1155 audire
918 1124 984 1154 aut
1004 1118 1132 1166 legere
1153 1119 1291 1164 solent,
1313 1130 1446 1155 eorum

113 1188 262 1229 partem
298 1179 391 1226 uidi,
428 1181 503 1218 alia
538 1188 695 1230 egomet
728 1181 854 1230 gessi3
895 1194 995 1230 quae
1029 1181 1083 1218 illi
1117 1180 1262 1227 litteris,
1296 1194 1342 1219 ea
1374 1194 1447 1231 ego

49 1256 93 1288 14
114 1245 320 1283 militando
344 1244 474 1283 didici.
534 1259 639 1283 nunc
664 1259 736 1283 uos
761 1245 991 1284 existumate
1013 1247 1114 1284 facta
1134 1259 1182 1284 an
1204 1245 1309 1283 dicta
1329 1246 1447 1295 pluris

113 1311 201 1349 sint.
260 1318 522 1349 contemnunt
549 1310 766 1349 nouitatem
795 1324 934 1357 meam,
958 1324 1031 1360 ego
1052 1311 1203 1348 illorum
1226 1310 1446 1359 ignauiam,

50 1390 91 1426 15
115 1376 208 1414 mihi
250 1378 417 1423 fortuna,
456 1376 529 1413 illis
575 1377 719 1426 probra
760 1376 1016 1414 oblectantur.
1095 1389 1335 1425 quamquam
1374 1389 1446 1426 ego

114 1449 291 1478 naturam
316 1453 436 1478 unam
463 1447 500 1478 et
526 1453 778 1478 communem
803 1440 981 1478 omnium
1010 1440 1214 1485 existumo,
1236 1441 1303 1478 sed
1326 1440 1447 1478 fortis—

50 1506 93 1540 16
113 1519 266 1543 sumum
298 1519 496 1555 quemque
525 1505 893 1555 generosissumum.
952 1518 997 1543 ac
1027 1505 1058 1543 si
1088 1506 1164 1543 iam
1196 1519 1243 1544 ex
1272 1505 1445 1555 patribus

116 1572 247 1610 Albini
269 1580 334 1609 aut
362 1571 516 1610 Bestiae
543 1570 677 1620 quaeri
705 1578 850 1620 posset,
873 1583 987 1608 mene
1015 1584 1064 1608 an
1092 1572 1178 1608 illos
1204 1584 1251 1609 ex
1277 1584 1318 1609 se
1343 1571 1444 1621 gigni

114 1637 330 1682 maluerint,
354 1635 449 1685 quid
476 1648 735 1684 responsuros
764 1635 933 1680 creditis,
956 1634 1029 1672 nisi
1053 1648 1137 1673 sese
1161 1636 1302 1674 liberos
1327 1649 1444 1685 quam

49 1714 91 1749 17
113 1709 299 1751 optumos
326 1699 526 1738 uoluisse?
556 1701 664 1749 quod
685 1699 715 1736 si
736 1700 817 1737 iure
837 1712 900 1737 me
922 1699 1154 1748 despiciunt,
1177 1699 1320 1738 faciant
1340 1699 1443 1738 idem

114 1766 325 1804 maioribus
352 1765 441 1812 suis,
469 1765 621 1814 quibus,
644 1764 700 1802 uti
725 1765 831 1813 mihi,
856 1778 902 1803 ex
928 1765 1069 1803 uirtute
1093 1765 1277 1804 nobilitas
1303 1766 1442 1816 coepit.

50 1835 94 1870 18
114 1830 293 1868 inuident
327 1830 467 1867 honori
500 1842 613 1867 meo:
653 1842 745 1878 ergo
777 1829 981 1867 inuideant
1014 1830 1150 1875 labori,
1181 1830 1443 1876 innocentiae,

49 1911 94 1946 19
114 1895 292 1945 periculis
318 1895 436 1933 etiam
463 1894 571 1940 meis,
595 1893 781 1943 quoniam
810 1907 878 1942 per
904 1895 1001 1932 11300
1028 1894 1135 1931 11111111
1157 1894 1253 1944 cepi.
1311 1907 1444 1932 uerum

113 1961 293 1999 homines
320 1960 502 2009 conrupti
529 1958 713 2007 superbia
738 1959 792 1996 ita
817 1967 985 1997 aetatem
1009 1966 1140 2009 agunt,
1162 1959 1273 2007 quasi
1293 1967 1444 1997 uostros

114 2028 281 2064 honores
302 2032 582 2069 contemnant;
611 2024 664 2061 ita
685 2025 755 2061 hos
775 2031 926 2072 petunt,
947 2023 1060 2073 quasi
1081 2025 1246 2061 honeste
1265 2023 1441 2061 uixerint.

47 2103 95 2126 20
114 2105 163 2129 ne
197 2091 251 2128 illi
286 2091 368 2128 falsi
403 2098 503 2136 sunt,
536 2089 601 2139 qui
632 2089 930 2127 diuorsissumas
959 2102 1019 2128 res
1049 2088 1190 2138 pariter
1223 2096 1440 2138 expectant,

47 2169 90 2192 21
114 2156 293 2206 ignauiae
322 2157 565 2203 uoluptatem
594 2162 631 2192 et
652 2154 823 2203 praemia
843 2154 1006 2192 uirtutis.
1064 2161 1181 2203 atque
1200 2153 1331 2199 etiam,
1352 2166 1442 2191 011111

113 2222 217 2270 apud
256 2233 325 2257 uos
360 2227 426 2256 aut
460 2218 499 2255 111
534 2227 671 2256 senatu
706 2220 827 2257 uerba
860 2219 1018 2265 faciunt,
1049 2219 1233 2268 pleraque
1267 2217 1443 2256 oratione

115 2286 279 2323 maiores
324 2297 416 2321 suos
461 2282 664 2331 extollunt,
706 2297 841 2322 eorum
886 2285 998 2322 fortia
1041 2285 1143 2320 facta
1186 2285 1442 2322 memorando
