1596 2495
140 75 162 107 6
525 73 564 108 C.
607 73 675 106 SA
686 73 714 106 Ι,
723 73 751 107 l.
762 72 831 107 US
839 71 862 105 7
869 70 894 104 'l
936 71 1006 106 Cle
1015 70 1134 105 lSPl

139 175 188 212 illi
207 182 243 212 et
259 175 419 223 gloriam
437 182 474 211 et
492 186 650 221 regnum
668 180 891 219 uenturum5
912 172 970 210 sin
988 173 1256 221 properantius
1274 179 1457 220 pergeret,

90 243 116 284 9
138 245 286 276 suamet
321 238 447 286 ipsum
483 235 649 285 pecunia
683 234 935 284 praecipitem
969 247 1163 272 casurum.
1221 233 1274 271 sic
1309 235 1460 270 locutus

137 317 223 340 cum
255 303 389 340 litteris
423 315 524 348 eum,
552 314 647 350 quas
676 300 865 349 Micipsae
896 300 1084 345 redderet,
1112 298 1268 337 dimisit.
1329 312 1460 337 earum

98 385 115 407 2
138 368 330 407 sententia
351 369 447 405 haec
467 374 557 404 erat.
619 371 628 386 ⁴
645 367 852 415 Iugurthae
874 365 927 403 tui
955 366 1059 403 bello
1082 365 1326 403 Numantino
1347 365 1460 412 longe

140 445 320 470 maxuma
346 432 466 469 uirtus
495 430 577 476 fuit,
606 443 722 479 quam
750 443 830 468 rem
858 428 926 467 tibi
954 436 1060 467 certo
1088 429 1168 466 scio
1194 428 1337 478 gaudio
1365 441 1458 465 esse.

139 498 253 535 nohis
279 497 331 534 ob
359 494 496 532 merita
522 507 592 532 sua
618 507 727 531 carus
754 502 835 531 est:
869 500 910 531 ut
938 494 1041 531 idem
1068 492 1219 531 senatui
1249 500 1286 531 et
1316 493 1462 541 populo

142 563 323 598 Romano
347 559 406 606 sit,
429 572 581 596 summa
608 572 683 607 ope
710 557 888 596 nitemur.
947 557 1017 596 tibi
1044 557 1203 607 quidem
1232 571 1303 606 pro
1330 564 1459 594 nostra

139 625 309 663 amicitia
342 625 521 674 gratulor.
581 637 628 660 cn
663 623 782 661 habes
817 622 940 660 uirum
974 621 1134 672 dignum
1169 629 1207 660 te
1237 630 1353 670 atque
1382 634 1460 658 auo

97 705 116 738 3
139 704 210 728 suo
240 687 470 726 Masinissa!
526 686 638 736 igitur
665 700 729 724 rex
754 686 817 723 ubi
845 699 901 730 ea,
924 699 1024 735 quae
1050 687 1152 723 fama
1178 692 1392 735 acceperat,
1415 698 1460 721 ex

139 754 272 792 litteris
294 751 536 802 imperatoris
562 751 614 788 ita
636 764 719 789 esse
740 752 940 799 cognouit,
962 764 1049 789 cum
1079 750 1219 788 uirtute
1241 757 1321 787 tum
1341 747 1461 798 gratia

139 819 209 856 uiri
240 825 437 867 permotus
467 815 569 854 flexit
598 815 773 853 animum
806 829 917 853 suum
948 822 986 853 et
1017 816 1243 863 Iugurtham
1274 812 1461 851 benificiis

140 883 293 920 uincere
313 894 513 931 aggressus
529 888 598 927 est,
617 881 826 929 statimque
847 892 936 918 eum
953 878 1156 928 adoptauit
1174 886 1211 916 et
1227 885 1461 916 testamento

97 964 119 995 4
140 947 281 996 pariter
308 960 396 984 cum
428 946 513 982 siliis
542 945 725 983 heredem
754 943 929 982 instituit.
986 943 1056 982 sed
1085 943 1167 992 ipse
1198 955 1344 992 paucos
1372 949 1461 990 post

139 1024 274 1054 annos,
297 1011 435 1048 morbo
461 1017 578 1058 atque
605 1016 732 1047 aetate
758 1009 970 1055 confectus,
996 1021 1085 1045 cum
1114 1006 1186 1045 sibi
1214 1008 1329 1044 finem
1358 1005 1460 1043 uitae

139 1077 276 1114 adesse
297 1075 549 1124 intellegeret,
565 1087 695 1112 coram
717 1073 851 1111 amicis
871 1080 911 1112 et
929 1072 1106 1121 cognatis
1127 1072 1299 1120 itemque
1317 1071 1463 1109 Adher-

141 1139 227 1176 bale
261 1144 298 1175 et
338 1137 569 1185 Hiempsale
608 1135 694 1173 filiis
731 1133 872 1172 dicitur
909 1131 1181 1172 huiuscemodi
1220 1134 1339 1170 uerba
1371 1144 1459 1168 cum

142 1203 326 1252 Iugurtha
354 1200 545 1238 habuisse.

71 1275 125 1318 10
227 1269 414 1304 ‘Paruom
442 1277 526 1314 ego,
555 1265 751 1313 Iugurtha,
781 1270 821 1301 te
846 1263 989 1301 amisso
1017 1270 1126 1312 patre
1154 1260 1237 1300 sine
1267 1274 1347 1310 spe,
1379 1258 1462 1296 sine

143 1331 284 1381 opibus
305 1330 343 1367 in
365 1343 526 1379 regnum
553 1342 685 1367 meum
713 1327 856 1377 accepi,
879 1327 1114 1365 existumans
1138 1339 1218 1362 non
1246 1324 1374 1361 minus
1401 1337 1462 1360 me

142 1396 223 1442 tibi,
253 1408 370 1444 quam
404 1393 543 1440 liberis,
580 1393 611 1431 si
639 1391 872 1442 genuissem,
907 1391 958 1428 ob
992 1388 1173 1428 benificia
1206 1401 1335 1425 carum
1369 1388 1461 1424 fore.

100 1474 118 1496 2
142 1473 268 1510 neque
302 1472 349 1497 ea
381 1472 439 1496 res
473 1459 611 1495 falsum
643 1470 706 1494 me
739 1455 885 1493 habuit.
943 1467 1045 1501 nam,
1079 1460 1120 1490 ut
1153 1452 1228 1489 alia
1257 1464 1397 1499 magna
1426 1457 1464 1488 et

140 1523 291 1575 egregia
322 1532 388 1562 tua
417 1522 607 1568 omittam,
638 1523 865 1560 nouissume
894 1518 1047 1558 rediens
1077 1516 1292 1556 Numantia
1322 1529 1464 1565 meque

141 1599 382 1636 regnumque
417 1598 547 1624 meum
582 1583 705 1634 gloria
738 1581 959 1626 onerauisti‚
995 1588 1141 1629 tuaque
1175 1578 1316 1616 uirtute
1350 1577 1463 1616 nobis

142 1654 346 1690 Romanos
363 1663 410 1688 ex
429 1648 561 1687 amicis
577 1647 847 1686 amicissumos
867 1644 1014 1683 fecisti:
1040 1643 1079 1681 in
1105 1642 1298 1692 Hispania
1318 1655 1463 1680 nomen

141 1715 309 1753 familiae
328 1722 556 1753 renovatum
579 1720 647 1751 est.
706 1719 916 1761 postremo,
934 1710 1040 1758 quod
1061 1708 1343 1745 difficillumum
1364 1706 1464 1744 inter

98 1792 119 1826 3
142 1779 314 1817 mortalis
343 1787 412 1824 est,
439 1777 560 1827 gloria
590 1775 779 1814 inuidiam
810 1772 948 1811 uicisti.
1007 1785 1122 1815 nune,
1151 1770 1338 1820 quoniam
1367 1769 1462 1807 mihi

142 1852 277 1881 natura
299 1844 415 1880 finem
436 1842 538 1880 uitae
559 1841 659 1885 facit,
684 1853 751 1889 per
772 1840 871 1876 hanc
893 1839 1103 1881 dexteram,
1127 1849 1194 1885 per
1218 1835 1323 1884 regni
1345 1835 1461 1872 fidem

141 1919 284 1945 moneo
317 1907 570 1954 obtestorque
599 1912 648 1949 te,
678 1903 735 1942 uti
765 1905 846 1948 hos,
879 1901 943 1951 qui
974 1899 1043 1939 tibi
1072 1913 1212 1949 genere
1242 1898 1462 1948 propinqui,

142 1969 322 2008 benificio
348 1982 437 2008 meo
464 1970 596 2006 fratres
624 1975 724 2013 sunt,
754 1979 864 2004 caros
893 1966 1050 2011 habeas,
1077 1977 1153 2001 neu
1181 1963 1291 2000 malis
1318 1963 1465 2000 alienos

99 2047 122 2080 4
139 2033 348 2082 adiungere
369 2046 485 2082 quam
502 2032 689 2082 sanguine
705 2031 937 2069 coniunctos
953 2027 1126 2066 retinere.
1185 2040 1264 2066 non
1280 2026 1465 2066 exercitus

142 2112 269 2147 neque
307 2097 473 2135 thesauri
511 2096 703 2146 praesidia
740 2094 848 2144 regni
887 2101 988 2138 sunt,
1029 2104 1162 2130 uerum
1202 2091 1328 2137 amici,
1365 2103 1464 2140 quos

141 2174 268 2210 neque
288 2163 403 2198 armis
423 2173 561 2209 cogere
582 2172 710 2208 neque
731 2171 826 2196 auro
855 2169 987 2206 parare
1008 2168 1150 2204 queas:
1183 2153 1310 2191 officio
1331 2161 1368 2190 et
1388 2153 1465 2190 fide

101 2238 119 2274 5
142 2225 349 2274 pariuntur.
408 2224 494 2272 quis
514 2233 644 2260 autem
665 2222 827 2259 amicior
848 2233 965 2269 quam
993 2221 1105 2257 frater
1126 2219 1240 2261 fratri,
1263 2226 1328 2254 aut
1348 2229 1463 2266 quem
