1596 2495
129 129 152 161 4
498 116 538 152 C.
573 116 715 152 SALL
726 116 861 153 USTl
891 116 1091 153 CRISPJ

131 219 271 256 uirtute
293 220 371 264 suit,
396 220 518 256 multa
540 226 576 256 et
604 220 800 267 praeclara
821 220 873 257 rei
903 219 1075 258 militaris
1103 220 1275 258 facinora
1302 220 1453 258 fecerat.

129 282 181 318 ob
211 294 324 330 quac,
355 281 468 319 uictis
498 281 886 331 Carthaginiensibus
916 290 954 320 et
983 290 1101 332 capto
1130 284 1319 332 Syphace,
1350 283 1457 321 cuius

130 345 168 382 in
208 346 337 384 Africa
371 359 558 396 magnum
596 353 714 395 atque
754 348 830 385 late
869 347 1074 397 imperium
1115 347 1248 394 ualuit,
1287 349 1457 397 populus

132 412 335 448 Romanus
368 424 635 460 quascumque
669 411 773 449 urbis
807 405 845 450 et
884 425 996 462 agros
1034 426 1153 450 manu
1192 421 1346 462 ceperat
1380 414 1457 463 regi

89 486 107 523 5
130 476 237 513 dono
257 475 377 513 dedit.
436 476 548 525 igitur
572 475 744 514 amicitia
772 475 1005 515 Masinissae
1033 478 1136 514 bona
1156 483 1273 526 atque
1294 478 1460 515 honesta

130 540 243 577 nobis
272 540 495 588 permansit.
554 540 623 578 sed
650 539 787 589 imperi
815 540 998 590 uitaeque
1025 540 1106 579 eius
1132 541 1219 578 finis
1245 541 1349 578 idem
1375 540 1456 579 fuit.

87 607 110 642 6
130 603 221 642 dein
263 603 431 653 Micipsa
469 605 569 642 filius
609 617 771 654 regnum
815 606 921 644 solus
964 605 1145 654 optinuit,
1189 606 1459 644 Mastanabale

90 682 108 717 7
131 678 167 708 ct
199 670 369 707 Gulussa
399 669 576 708 fratribus
606 672 747 708 morbo
776 670 1004 720 absumptis.
1063 670 1095 708 is
1126 670 1391 709 Adherbalem
1422 678 1460 709 et

133 735 405 784 Hiempsalem
432 748 478 773 ex
505 748 590 773 sese
616 734 760 785 genuit,
785 737 1094 784 Iugurthamque
1120 735 1242 773 filium
1265 736 1460 773 Mastana-

130 799 226 836 balis
246 799 380 845 fratris,
404 812 520 848 quern
549 799 765 846 Masinissa,
787 800 895 848 quod
922 806 1028 837 ortus
1056 812 1103 837 ex
1123 799 1346 837 concubina
1366 808 1458 846 erat,

132 864 324 913 priuatum
355 865 625 914 dereliquerat,
655 865 796 903 eodem
825 866 932 903 cultu
960 878 1038 914 quo
1066 865 1207 903 liberos
1234 878 1325 904 suos
1352 866 1459 904 domi

130 930 275 968 habuit.

85 997 112 1041 6
212 994 290 1042 Qui
318 995 384 1032 ubi
413 993 579 1044 primum
607 994 792 1041 adoleuit,
815 996 968 1044 pollens
995 994 1155 1041 uiribus,
1179 995 1322 1033 decora
1348 995 1457 1040 facie,

132 1061 201 1098 sed
236 1061 359 1098 multo
393 1073 576 1098 maxume
609 1059 767 1109 ingenio
807 1060 973 1106 ualidus,
1008 1073 1087 1098 non
1129 1073 1169 1098 se
1203 1061 1294 1098 luxu
1333 1072 1460 1108 neque

132 1124 291 1163 inertiae
311 1125 650 1174 conrumpendum
678 1123 798 1170 dedit,
821 1125 902 1171 sed,
924 1124 979 1162 uti
1007 1137 1092 1162 mos
1118 1123 1242 1174 gentis
1270 1124 1369 1161 illius
1390 1131 1458 1170 est,

133 1189 316 1239 equitare,
352 1188 519 1235 iaculari,
557 1202 671 1227 cursu
710 1203 799 1227 cum
839 1191 1068 1239 aequalibus
1107 1197 1262 1236 certare,
1299 1197 1337 1227 et
1370 1202 1458 1227 cum

133 1254 259 1291 omnis
288 1252 408 1303 gloria
437 1252 613 1301 anteiret,
645 1253 829 1292 omnibus
859 1261 990 1292 tamen
1021 1267 1131 1291 carus
1161 1266 1271 1302 esse3
1305 1253 1355 1291 ad
1385 1253 1461 1292 hoc

133 1320 316 1368 pleraque
337 1327 514 1369 tempora
534 1318 573 1355 in
589 1319 774 1356 uenando
794 1332 918 1368 agere,
935 1320 1091 1357 leonem
1108 1327 1224 1368 atque
1245 1318 1339 1356 alias
1361 1319 1458 1356 feras

134 1383 279 1432 primus
312 1391 378 1421 aut
412 1383 451 1420 in
485 1381 618 1432 primis
651 1383 772 1431 ferire,
816 1385 1039 1432 plurumum
1074 1385 1211 1428 facere,
1243 1383 1459 1421 minumum

95 1458 111 1480 2
134 1446 216 1495 ipse
236 1447 285 1484 de
307 1458 348 1483 se
367 1444 484 1494 loqui.
543 1445 685 1494 quibus
704 1447 819 1484 rebus
844 1446 1011 1495 Micipsa
1031 1446 1186 1484 tametsi
1206 1445 1316 1484 initio
1338 1447 1460 1484 laetus

134 1513 264 1557 fuerat,
283 1510 522 1549 existumans
538 1510 721 1549 uirtutem
745 1511 954 1560 Iugurthae
975 1523 1093 1561 regno
1114 1524 1184 1548 suo
1203 1509 1346 1560 gloriae
1366 1511 1460 1554 fore,

135 1584 265 1614 tamen
293 1583 500 1625 postquam
530 1575 729 1613 hominem
757 1577 1049 1614 adulescentem
1077 1583 1212 1614 exacta
1239 1588 1308 1613 sua
1333 1581 1461 1612 aetate

136 1648 173 1679 et
207 1639 337 1689 paruis
370 1639 500 1677 liberis
530 1639 652 1689 magis
681 1639 882 1688 magisque
916 1652 1088 1677 crescere
1118 1639 1318 1688 intellegit,
1348 1639 1462 1676 uehe—

136 1712 288 1742 menter
304 1716 351 1741 eo
369 1702 528 1758 negotio
549 1710 761 1752 permotus,
781 1703 904 1740 multa
918 1716 1007 1740 curn
1024 1703 1156 1741 animo
1173 1716 1244 1741 suo
1264 1703 1456 1741 uoluebat.

95 1781 115 1817 3
136 1769 301 1806 terrebat
321 1780 411 1806 eum
434 1775 570 1820 raglt-Zira
591 1767 813 1805 mortalium
841 1767 957 1805 auida
977 1767 1115 1816 imperi
1142 1774 1179 1806 et
1205 1780 1392 1817 praeceps
1412 1767 1459 1804 ad

136 1833 370 1881 explendam
405 1833 525 1870 animi
559 1833 797 1881 cupidinem,
830 1840 1030 1881 praeterea
1063 1832 1335 1882 opportunitas
1368 1844 1462 1869 suae

137 1896 425 1945 liberorumque
442 1895 591 1942 aetatis,
611 1908 710 1943 quae
727 1896 844 1933 etiam
865 1894 1073 1933 mediocris
1090 1895 1192 1933 uiros
1209 1908 1277 1944 spe
1293 1895 1462 1944 praedae

138 1966 381 1997 transuorsos
415 1958 503 2008 agit,
536 1960 585 1997 ad
615 1960 690 1997 hoc
719 1959 846 1997 studia
875 1959 1135 1997 Numidarum
1165 1958 1205 1995 in
1235 1959 1460 2008 Iugurtham

138 2036 313 2069 accensa,
334 2037 379 2061 ex
400 2024 554 2072 quibus,
577 2023 605 2060 si
628 2025 744 2062 talem
766 2023 889 2061 uirum
911 2023 1011 2061 dolis
1032 2022 1297 2068 interfecisset,
1315 2035 1365 2061 ne
1385 2035 1462 2071 qua

91 2096 118 2137 ¹7
138 2087 279 2124 seditio
308 2095 374 2125 aut
405 2089 551 2141 bellum
583 2087 742 2125 oriretur
768 2088 903 2125 anxius
933 2094 1023 2125 erat.
1061 2087 1141 2138 >his
1170 2085 1461 2124 difficultatibus

137 2150 426 2188 circumuentus
443 2148 509 2190 ubi
529 2152 635 2189 uidet
653 2165 781 2201 neque
797 2164 866 2200 per
882 2151 962 2188 uim
981 2163 1110 2199 neque
1126 2149 1460 2199 insidiis-opprimi
1517 2163 1521 2166 ·

138 2227 251 2262 posse
272 2215 473 2252 hominem
495 2223 575 2254 tam
593 2224 798 2264 acceptum
820 2215 1085 2265 popularibus,
1102 2215 1209 2263 quod
1229 2222 1308 2252 erat
1330 2215 1461 2264 Iugur-

137 2279 203 2315 tha
219 2291 335 2315 manu
358 2266 565 2327 promptus
587 2287 624 2317 et
645 2281 834 2330 adpetens
854 2279 998 2330 gloriae
1022 2277 1204 2325 militaris,
1222 2277 1354 2315 statuit
1371 2290 1458 2316 eum
