1596 2495
136 132 154 155 2
503 118 542 153 C.
576 117 868 154 SALLUSTJ
896 116 1092 153 CRlSPl

132 221 301 267 diuitiae,
319 222 367 259 ad
391 223 463 259 hoc
486 220 543 258 uis
564 219 736 269 corporis
757 227 794 258 et
814 219 889 257 alia
905 219 1037 258 omnia
1058 218 1329 257 huiuscemodi
1351 218 1461 257 breui

133 286 367 332 dilabuntur,
382 294 420 323 at
439 284 569 334 ingeni
588 284 740 334 egregia
755 283 940 330 facinora,
956 283 1068 321 sicuti
1084 283 1225 329 anima,
1244 283 1465 322 inmortalia

91 367 113 402 3
132 358 231 388 sunt.
290 357 489 400 postremo
520 348 694 397 corporis
728 355 767 387 et
801 349 981 386 fortunae
1011 348 1205 386 bonorum
1235 355 1277 387 ut
1308 347 1461 387 initium

134 415 188 452 sic
217 414 303 452 finis
333 420 403 460 est,
434 412 645 461 omniaque
675 419 759 450 orta
789 411 976 450 occidunt
1010 419 1048 450 et
1082 419 1196 450 aucta
1229 420 1462 452 senescunt:

133 479 286 517 animus
320 478 578 527 incorruptus,
611 485 804 523 aeternus,
837 484 964 515 rector
997 476 1157 514 humani
1189 468 1351 526 generis,
1385 477 1463 527 agit

97 559 114 593 4
133 550 250 592 atque
271 543 389 580 habet
410 549 562 588 cuncta,
582 553 711 589 neque
732 540 817 590 ipse
838 541 1012 579 habetur.
1055 554 1134 590 quo
1151 542 1274 590 magis
1294 541 1464 591 prauitas

133 620 264 646 eorum
287 607 517 645 admiranda
538 615 607 652 est,
630 605 697 656 qui
724 606 846 644 dediti
874 605 1046 655 corporis
1072 605 1224 655 gaudiis
1244 619 1312 656 per
1332 608 1462 645 luxum

133 682 170 712 et
201 673 394 723 ignauiam
425 681 592 711 aetatem
623 679 755 722 agunt,
785 680 958 710 ceterum
987 671 1200 721 ingenium,
1228 685 1307 721 quo
1337 685 1464 722 neque

134 737 272 776 melius
292 750 419 786 neque
439 735 606 786 amplius
626 737 733 774 aliud
754 736 793 773 in
814 744 951 774 natura
972 735 1193 773 mortalium
1215 744 1285 783 est,
1314 735 1462 775 incultu

133 811 251 852 atque
267 802 446 841 socordia
462 809 684 850 torpescere
705 800 848 847 sinunt,
866 813 953 838 cum
971 800 1196 850 praesertim
1217 809 1298 839 tam
1317 803 1464 840 multae

135 868 344 917 uariaeque
364 867 440 905 sint
461 876 562 905 artes
583 865 716 911 animi,
739 865 880 914 quibus
901 877 1055 903 summa
1075 865 1265 905 claritudo
1284 875 1447 916 paratur.

88 942 116 985 3
215 934 362 970 Verum
394 945 442 970 ex
474 930 529 969 eis
561 930 807 980 magistratus
838 938 876 968 et
906 929 1077 979 imperia,
1106 938 1308 980 postremo
1336 931 1464 969 omnis

135 1009 226 1036 cura
252 1009 378 1035 rerum
406 996 651 1045 publicarum
679 995 853 1033 minume
881 994 974 1032 mihi
1002 995 1075 1032 hac
1100 1002 1333 1044 tempestate
1361 995 1465 1045 cupi-

137 1064 242 1101 unda
256 1062 451 1110 uidentur,
467 1061 654 1111 quoniam
672 1073 801 1109 neque
817 1059 951 1098 uirtuti
967 1060 1094 1097 honos
1110 1061 1234 1107 datur,
1253 1073 1381 1109 neque
1398 1060 1462 1107 illi,

97 1143 115 1166 2
136 1128 278 1177 quibus
300 1140 369 1177 per
388 1127 564 1164 fraudem
582 1126 664 1173 fuit,
682 1124 754 1162 tuti
770 1132 837 1163 aut
853 1137 901 1162 eo
922 1124 1044 1174 magis
1059 1124 1215 1163 honesti
1230 1132 1331 1164 sunt.
1372 1138 1464 1164 nam

137 1193 175 1231 ui
196 1192 357 1241 quidem
378 1204 509 1240 regere
530 1189 695 1239 patriam
717 1197 783 1227 aut
804 1196 998 1238 parenteS‚
1017 1201 1258 1238 quamquam
1279 1196 1317 1228 et
1337 1189 1465 1239 possis

137 1265 174 1296 et
201 1256 344 1295 delicta
369 1255 550 1304 corrigas,
578 1262 712 1292 tamen
740 1254 997 1303 inportunum
1025 1262 1094 1299 est,
1122 1266 1212 1291 cum
1240 1253 1463 1303 praesertim

137 1334 274 1359 omnes
294 1332 421 1358 rerum
441 1318 679 1356 mutationes
699 1319 863 1356 caedem
884 1318 1014 1367 fugam
1036 1317 1188 1366 aliaque
1208 1317 1362 1355 hostilia
1382 1330 1466 1367 por-

96 1400 117 1435 3
137 1387 310 1424 tendant.
369 1386 509 1422 frustra
537 1391 669 1421 autem
700 1382 770 1420 niti
799 1395 930 1432 neque
958 1381 1065 1420 aliud
1094 1394 1136 1420 se
1165 1381 1365 1431 fatigando
1391 1381 1465 1420 nisi

95 1464 119 1497 4
138 1451 273 1488 odium
301 1462 486 1499 quaerere
516 1457 710 1487 extremae
738 1446 961 1486 dementiae
990 1454 1059 1485 est.
1118 1446 1191 1484 nisi
1219 1447 1318 1485 forte
1346 1459 1464 1496 quem

138 1516 344 1553 inhonesta
379 1521 417 1553 et
451 1513 672 1564 perniciosa
707 1512 843 1550 lubido
874 1519 982 1550 tenet
1016 1512 1217 1561 potentiae
1249 1524 1463 1561 paucorum

137 1580 259 1617 decus
288 1586 405 1627 atque
434 1578 655 1616 libertatern
685 1589 794 1615 suam
824 1576 1038 1625 gratificari.

90 1645 120 1688 4
219 1645 405 1683 Ceterum
438 1656 485 1681 ex
515 1642 599 1679 aliis
629 1640 807 1691 negotiis,
835 1653 938 1689 quae
967 1640 1126 1690 ingenio
1156 1649 1394 1687 exercentur,
1426 1641 1464 1679 in

99 1722 117 1745 2
138 1708 271 1757 primis
292 1720 435 1757 magno
454 1707 540 1744 usui
567 1714 625 1745 est
653 1706 843 1744 memoria
867 1718 994 1743 rerum
1021 1712 1226 1754 gestarum.
1284 1705 1394 1743 cuius
1415 1706 1465 1744 de

138 1774 280 1810 uirtute
299 1771 389 1821 quia
411 1772 521 1809 multi
542 1771 686 1817 dixere,
710 1771 1039 1819 praetereundum
1061 1778 1170 1820 puto,
1191 1770 1306 1808 simul
1327 1784 1377 1809 ne
1396 1784 1467 1820 per

139 1836 387 1874 insolentiam
407 1836 494 1885 quis
514 1836 721 1874 existumet
747 1842 894 1873 memet
921 1834 1091 1873 studium
1113 1847 1243 1872 meum
1266 1836 1465 1872 laudando

98 1917 120 1952 3
140 1902 334 1939 extollere.
394 1908 513 1949 atque
534 1912 607 1949 ego
624 1900 743 1937 credo
759 1899 841 1937 fore
856 1898 936 1948 qui,
954 1898 1045 1947 quia
1062 1897 1218 1936 decreui
1234 1900 1371 1947 procul
1386 1911 1410 1936 a
1424 1912 1464 1937 re

140 1965 296 2014 publica
315 1973 484 2004 aetatem
504 1977 629 2014 agere,
651 1971 762 2002 tanto
784 1973 942 2013 tamque
963 1964 1045 2001 utili
1066 1963 1188 2000 labori
1209 1976 1298 2002 meo
1319 1977 1463 2002 nomen

141 2030 301 2068 inertiae
330 2031 536 2078 inponant,
566 2036 672 2068 certe
705 2028 845 2078 quibus
875 2041 1061 2066 maxuma
1090 2027 1281 2067 industria
1310 2030 1465 2067 uidetur

100 2109 122 2141 4
141 2096 307 2132 salutare
324 2095 482 2142 plebem
497 2102 535 2131 et
552 2093 744 2131 conuiuiis
760 2093 921 2142 gratiam
938 2105 1136 2142 quaerere.
1189 2093 1255 2141 qui
1269 2092 1300 2130 si
1313 2101 1465 2141 reputa-

141 2158 280 2203 uerint,
299 2165 336 2194 et
357 2157 500 2205 quibus
521 2169 595 2205 ego
617 2157 858 2205 temporibus
881 2156 1125 2205 magistratus
1145 2157 1312 2205 adeptus
1333 2156 1403 2194 sim
1426 2165 1463 2194 et
1515 2166 1518 2169 '

141 2223 276 2270 quales
296 2221 367 2258 uiri
388 2221 493 2258 idem
514 2220 675 2269 adsequi
701 2221 956 2269 nequiverint,
979 2228 1017 2258 et
1038 2228 1175 2269 postea
1200 2233 1301 2269 quae
1321 2233 1465 2269 genera

142 2286 346 2324 hominum
368 2284 407 2322 in
423 2293 601 2322 senatum
620 2284 877 2333 peruenerint‚
897 2285 1071 2333 profecto
1092 2284 1380 2322 existumabunt
1401 2298 1465 2324 me
