1596 2495
131 71 152 104 3
517 74 557 109 C.
600 73 667 109 SA
675 73 743 108 LL
755 73 823 109 US
833 74 855 108 7
863 74 888 109 'l
931 75 1029 110 Cli’l
1029 75 1087 111 Sl
1089 76 1127 111 ’l

132 181 286 222 propter
325 173 609 212 dissensionem
658 176 855 224 placuerat
894 175 1017 214 diuidi
1053 178 1252 217 thesauros
1292 179 1454 230 sinisque

90 249 108 272 2
131 237 266 286 imperi
294 238 453 287 singulis
480 238 674 277 constitui.
735 240 864 289 itaque
890 247 1046 290 tempus
1074 242 1123 279 ad
1148 249 1351 293 utramque
1375 257 1453 282 rem

128 302 357 348 decernitur,
374 304 443 341 sed
460 304 645 341 maturius
660 305 709 342 ad
727 304 937 353 pecuniam
954 305 1276 346 distribuendam.
1336 309 1455 359 reguli

129 365 275 403 interea
308 366 346 402 in
380 368 467 404 loca
499 367 718 417 propinqua
752 369 941 407 thesauris
976 370 1073 408 alius
1107 371 1182 409 alio
1212 385 1451 411 concessere.

87 434 109 470 3
129 429 197 466 scd
220 427 426 477 Hiempsal
448 428 486 465 in
508 429 656 478 oppido
672 430 876 469 Thirmida
895 433 995 470 sorte
1016 432 1098 470 eius
1118 433 1237 472 domo
1258 436 1450 483 utebatur,

129 492 194 541 qui
211 505 424 542 proxumus
448 493 561 532 lictor
588 495 799 544 Iugurthae
827 508 938 534 carus
962 504 1225 547 acceptusque
1247 498 1281 536 ei
1302 513 1456 549 semper

128 559 260 596 fuerat.
320 572 436 608 quem
457 559 521 597 ille
542 573 633 598 casu
658 560 875 598 ministrum
901 563 1073 600 oblatum
1101 564 1299 612 promissis
1320 573 1455 604 onerat

129 623 357 673 inpellitque
386 624 441 662 uti
471 632 672 674 tamquam
702 639 771 664 sua
800 626 930 665 uiscus
961 629 1123 666 domum
1154 638 1225 676 eat,
1256 638 1453 679 portarum

129 688 248 726 clauis
273 689 510 727 adulterinas
539 697 649 739 paret
677 690 784 741 (nam
815 704 930 730 uerae
950 693 999 730 ad
1025 692 1295 743 Hiempsalem
1324 695 1451 733 resere-

128 754 310 803 bantur>:
340 760 523 800 ceterum,
550 754 616 792 ubi
641 767 699 792 res
727 756 949 803 postularet,
976 769 1017 794 se
1043 755 1170 805 ipsum
1199 771 1288 795 cum
1314 771 1454 808 magna

87 829 109 861 4
130 831 245 855 manu
279 826 497 857 uenturum.
557 820 731 858 Numida
766 822 949 859 mandata
980 822 1087 860 breui
1122 822 1289 869 conficit,
1324 830 1452 873 atque,

89 895 107 931 5
129 881 183 920 uti
216 883 356 920 doctus
389 891 481 930 erat,
516 893 636 922 noctu
672 886 882 935 Iugurthae
916 885 1056 925 milites
1091 887 1312 926 introducit.
1388 889 1453 937 qui

127 954 335 996 postquam
365 947 405 984 in
439 948 546 986 aedis
581 949 770 999 inrupere,
801 949 945 989 diuorsi
974 963 1103 1001 regem
1139 964 1336 1001 quaerere,
1368 953 1449 990 dor·

129 1011 284 1050 mientis
325 1012 433 1059 alios,
476 1013 571 1051 alios
614 1016 851 1054 occursantis
894 1015 1122 1063 interficere,
1165 1016 1326 1055 scrutari
1367 1018 1453 1055 loca

127 1076 271 1122 abdita,
294 1078 424 1115 clausa
444 1079 655 1128 effringere,
677 1080 838 1129 strepitu
862 1088 901 1119 et
923 1083 1091 1119 tumultu
1116 1082 1249 1120 onmia
1269 1082 1452 1120 miscere:

128 1153 214 1178 cum
244 1141 398 1180 interim
424 1143 631 1193 Hiempsal
655 1144 842 1194 reperitur
866 1147 1067 1184 occultans
1092 1160 1133 1185 se
1163 1146 1314 1196 tugurio
1344 1146 1452 1184 muli-

129 1205 200 1243 eris
229 1206 405 1254 ancillae,
428 1221 507 1257 quo
536 1208 647 1247 initio
674 1209 842 1259 pauidus
869 1218 906 1249 et
936 1210 1090 1260 ignarus
1119 1211 1194 1249 loci
1224 1212 1449 1261 perfugerat.

87 1271 109 1307 6
129 1270 325 1309 Numidae
350 1282 465 1321 caput
490 1272 582 1320 eius,
606 1273 659 1311 uti
684 1273 775 1311 iussi
800 1282 921 1322 erant,
943 1276 993 1313 ad
1019 1276 1246 1324 Iugurtham
1271 1277 1448 1314 referunt.

54 1337 110 1380 13
210 1337 395 1374 Ceterum
419 1337 521 1374 fama
542 1337 638 1374 tanti
661 1337 840 1376 facinoris
864 1352 932 1388 per
958 1351 1116 1377 omnem
1144 1339 1315 1377 Africam
1343 1340 1451 1377 breui

130 1399 357 1449 diuolgatur.
415 1401 679 1440 Adherbalem
704 1402 921 1452 omnisque,
943 1403 1009 1452 qui
1034 1405 1106 1441 sub
1131 1404 1293 1453 imperio
1315 1405 1450 1454 Micip-

128 1477 193 1502 sae
216 1465 378 1511 fuerant,
401 1472 527 1503 metus
547 1465 707 1505 inuadit.
766 1466 804 1504 in
831 1468 926 1506 duas
950 1469 1067 1517 partis
1088 1467 1295 1507 discedunt
1319 1470 1453 1506 Numi-

128 1530 227 1566 dae:
263 1530 392 1577 plures
422 1530 685 1569 Adherbalem
713 1539 906 1579 secuntur,
931 1534 1001 1571 sed
1024 1532 1132 1570 illum
1158 1534 1320 1571 alterum
1348 1535 1451 1572 bello

88 1593 317 1632 2melioreS.
376 1593 489 1643 igitur
527 1596 715 1645 Iugurtha
752 1610 870 1646 quam
910 1611 1113 1635 maxumas
1152 1605 1282 1646 potest
1319 1597 1450 1648 copias

127 1665 262 1705 armat,
284 1657 389 1696 urbis
408 1659 548 1708 partim
568 1659 621 1706 ui,
642 1659 736 1698 alias
757 1662 960 1701 uoluntate
986 1662 1150 1712 imperio
1172 1676 1243 1701 suo
1263 1662 1448 1713 adiungit,

88 1735 109 1770 3
128 1723 235 1760 omni
256 1721 466 1762 Numidiae
487 1723 673 1773 imperare
694 1733 813 1774 parat.
872 1727 1081 1773 Adherbal,
1103 1727 1257 1765 tametsi
1279 1730 1449 1766 Romam

127 1789 274 1837 legatos
306 1788 471 1835 miserat,
500 1789 567 1838 qui
597 1797 774 1828 senatum
807 1791 996 1829 docerent
1026 1793 1076 1830 de
1107 1793 1227 1831 caede
1258 1793 1380 1830 fratris
1412 1801 1450 1831 et

126 1852 289 1891 fortunis
309 1853 399 1900 suis,
418 1862 545 1892 tamen
564 1855 682 1892 fretus
702 1855 952 1894 multitudine
969 1855 1134 1894 militum
1157 1858 1317 1905 parabat
1334 1857 1450 1895 armis
1478 1870 1483 1875 ’
1511 1870 1513 1872 ·

85 1934 109 1966 4
128 1918 377 1956 contendere.
435 1919 504 1956 sed
525 1918 591 1956 ubi
607 1932 667 1957 res
683 1920 733 1957 ad
749 1927 946 1958 certamen
962 1921 1079 1968 uenit,
1098 1922 1223 1958 uictus
1239 1934 1286 1959 ex
1301 1923 1449 1971 proelio

88 1998 106 2034 5
128 1982 295 2030 profugit
322 1981 361 2019 in
389 1982 629 2030 prouinciam
656 1996 703 2020 ac
729 1982 873 2022 deinde
900 1985 1068 2022 Romam
1097 1984 1308 2023 contendit.
1367 1993 1449 2023 tum

128 2045 315 2093 Iugurtha
335 2047 493 2095 patratis
514 2046 695 2093 0011511115,
717 2054 925 2097 postquam
945 2048 1073 2085 01111115
1094 2048 1306 2087 Numidiae
1327 2049 1447 2097 potie-

128 2111 250 2155 batur,
285 2110 322 2147 in
358 2112 439 2149 otio
473 2111 622 2149 facinus
656 2124 766 2149 suum
801 2125 890 2150 cum
925 2112 1057 2150 animo
1091 2114 1449 2171 reputansmtimere

128 2174 316 2221 populum
339 2175 564 2212 Romanum
589 2187 717 2223 neque
744 2176 934 2213 aduorsus
960 2177 1054 2213 iram
1082 2176 1164 2214 eius
1185 2189 1349 2225 usquam
1376 2177 1449 2215 nisi

88 2236 164 2273 6111
194 2236 354 2274 auaritia
381 2237 592 2275 nobilitatis
620 2246 657 2276 et
685 2238 853 2287 pecunia
880 2252 946 2276 sua
974 2252 1083 2287 spem
1106 2240 1258 2277 habere.
1317 2240 1449 2290 itaque
