1596 2495
138 87 180 110 12
494 75 534 111 C.
578 75 869 113 SALLUSTJ
908 76 1104 113 ClelSPl

133 187 231 223 quos
260 174 411 223 priuata
438 174 607 212 amicitia
640 176 845 225 Iugurthae
873 190 1005 225 parum
1035 177 1189 226 cognita
1217 183 1459 215 transuorsos

133 247 232 288 agat,
263 252 361 288 quos
395 252 469 288 ego
502 239 620 277 audio
654 253 835 277 maxuma
874 253 950 290 ope
988 241 1069 287 niti,
1105 240 1263 288 ambire,
1301 240 1459 290 fatigare

134 316 205 340 uos
231 303 416 352 singulos,
438 316 487 340 ne
514 302 609 352 q'uid
636 304 686 341 de
712 305 874 342 absente
901 304 1100 354 incognita
1121 318 1238 343 causa
1259 305 1458 343 statuatis:

133 368 278 416 fingere
308 380 371 405 me
401 368 520 405 uerba
549 375 586 405 et
616 369 745 417 fugam
776 368 968 416 simulare,
999 369 1061 407 cui
1090 369 1239 408 licuerit
1269 369 1307 407 in
1338 383 1458 420 regno

68 442 109 464 21
136 444 300 470 manere.
359 433 465 481 quod
496 433 643 470 utinam
673 431 794 479 illurn,
825 433 934 471 cuius
968 433 1076 484 inpio
1109 434 1282 473 facinore
1317 435 1355 473 in
1390 436 1459 473 has

135 496 306 534 miserias
340 495 534 545 proiectus
569 510 667 543 sum,
699 498 837 535 eadem
873 498 970 536 haec
1004 498 1252 537 simulantem
1288 499 1456 546 uideam,

137 568 174 598 et
194 561 406 610 aliquando
426 568 494 599 aut
519 562 623 611 apud
651 575 721 599 uos
747 569 813 599 aut
834 563 940 610 apud
968 564 1064 602 deos
1090 564 1306 602 inmortalis
1332 577 1456 603 rerum

135 627 391 664 humanarum
436 639 529 665 cura
573 626 738 665 oriatur:
785 639 835 664 ne
873 626 948 673 ille,
988 627 1055 677 qui
1099 642 1204 667 nunc
1249 629 1459 668 sceleribus

134 690 212 728 suis
242 692 348 729 ferox
376 699 494 740 atque
524 693 743 740 praeclarus
772 697 840 737 est,
869 692 1051 731 omnibus
1082 693 1193 730 malis
1220 694 1460 732 excruciatus

134 754 329 804 inpietatis
349 754 386 791 in
410 762 611 804 parentem
632 762 818 801 nostrum,
836 755 961 793 fratris
982 755 1056 794 mei
1080 755 1184 795 necis
1206 770 1460 806 mearumque

68 831 112 854 22
136 819 372 857 miseriarum
403 818 530 868 grauis
566 832 713 867 poenas
747 820 895 858 reddat.
952 818 1030 857 iam
1066 819 1143 857 iam
1173 822 1296 866 frater,
1327 820 1460 859 animo

135 896 224 922 meo
252 883 471 929 carissume,
501 896 740 933 quamquam
766 884 836 922 tibi
864 884 1058 922 inmaturo
1086 892 1123 922 et
1150 886 1256 923 unde
1285 885 1460 924 minume

134 948 265 987 decuit
288 949 368 987 uita
388 957 522 998 erepta
543 956 611 993 est,
634 956 766 987 tamen
786 950 1012 987 laetandum
1041 949 1161 999 magis
1183 962 1299 999 quam
1328 951 1461 988 dolen-

68 1029 114 1065 23
135 1015 228 1052 dum
266 1022 361 1063 puto
399 1027 532 1052 casum
572 1021 694 1052 tuum.
753 1027 833 1053 non
871 1014 976 1053 enim
1015 1026 1176 1063 regnum
1212 1015 1279 1052 sed
1316 1015 1456 1064 fugam,

135 1078 302 1124 exilium,
331 1086 543 1127 egestatem
570 1084 608 1115 et
635 1077 762 1116 onmis
789 1078 857 1116 has
885 1090 985 1127 quae
1011 1090 1075 1116 me
1101 1085 1282 1126 premunt
1308 1091 1458 1117 aerum-

134 1156 204 1180 nas
242 1156 332 1180 curn
370 1142 501 1180 anima
539 1141 654 1180 simul
687 1142 861 1181 amisisti.
921 1149 959 1180 at
994 1155 1066 1191 ego
1100 1141 1242 1188 infelix,
1278 1141 1317 1180 in
1351 1150 1459 1181 tanta

134 1208 237 1244 mala
276 1206 553 1256 praecipitatus
598 1219 645 1244 ex
689 1206 814 1255 patrio
858 1218 988 1255 regne,
1029 1219 1156 1244 rerum
1201 1206 1458 1243 humanarum

134 1273 403 1320 spectaculum
433 1271 614 1319 praebeo,
646 1270 815 1309 incertus
845 1270 940 1319 quid
973 1282 1097 1319 agam,
1130 1276 1267 1307 tuasne
1303 1269 1460 1308 iniurias

134 1348 344 1384 persequar
370 1335 453 1384 ipse
477 1333 596 1372 auxili
620 1347 738 1384 egens
762 1347 812 1372 an
836 1347 955 1384 regno
981 1334 1194 1379 consulam,
1223 1333 1333 1371 cuius
1356 1333 1463 1372 uitae‘

68 1415 115 1448 24
134 1399 318 1448 necisque
344 1407 517 1449 potestas
544 1412 591 1437 ex
616 1398 758 1448 opibus
784 1399 920 1438 alienis
948 1400 1105 1447 pendet.
1163 1398 1310 1436 utinam
1338 1398 1460 1437 emori

135 1463 298 1501 fortunis
331 1463 428 1502 meis
462 1464 648 1501 honestus
683 1462 805 1501 exitus
839 1471 953 1510 esset,
983 1476 1060 1501 neu
1095 1463 1175 1501 iure
1208 1470 1460 1512 contemptus

135 1527 296 1575 uiderer,
343 1528 373 1566 si
415 1528 590 1566 defessus
638 1528 749 1566 malis
797 1528 958 1566 iniuriae
1001 1529 1295 1566 concessissem.
1354 1541 1459 1566 nunc

70 1607 113 1643 25
136 1605 265 1641 neque
285 1592 417 1630 uiuere
437 1593 556 1638 lubet,
579 1605 706 1640 neque
728 1592 826 1630 mori
846 1592 936 1630 licet
963 1591 1046 1630 sine
1068 1592 1272 1630 dedecore.
1330 1599 1459 1641 patres

136 1656 356 1705 conscripti,
385 1668 454 1705 per
482 1669 565 1702 uos,
591 1669 660 1705 per
689 1657 830 1694 liberos
854 1663 971 1705 atque
998 1663 1177 1705 parentes
1202 1663 1364 1702 uostros,
1392 1669 1461 1705 per

137 1722 380 1760 maiestatem
422 1720 557 1770 populi
600 1721 783 1768 Romani,
828 1720 1034 1759 subuenite
1077 1719 1171 1757 mihi
1216 1719 1368 1767 misero,
1407 1719 1460 1758 ite

137 1786 295 1824 obuiam
343 1785 515 1831 iniuriae,
564 1785 685 1823 nolite
736 1785 817 1835 pati
867 1798 1028 1834 regnum
1082 1783 1303 1830 Numidiae,
1352 1784 1459 1832 quod

136 1858 311 1888 nostrum
357 1857 425 1895 est,
469 1862 539 1899 per
583 1850 709 1887 scelus
754 1857 792 1887 et
831 1849 1059 1898 sanguinem
1098 1848 1264 1886 familiae
1307 1855 1460 1886 nostrae

137 1915 360 1953 tabescere)

59 1982 114 2025 15
217 1982 430 2029 Postquam
464 1992 531 2017 rex
569 1980 687 2017 finem
725 1978 914 2028 loquendi
953 1977 1054 2024 fecit,
1090 1977 1206 2027 legati
1246 1978 1456 2027 Iugurthae

134 2044 337 2094 largitione
389 2044 510 2094 magis
557 2057 675 2093 quam
724 2056 841 2081 causa
888 2042 972 2081 freti
1020 2042 1153 2091 paucis
1195 2042 1457 2091 respondent:

138 2107 408 2156 Hiempsalem
444 2109 496 2145 ob
531 2107 733 2145 saeuitiam
767 2120 876 2145 suam
904 2108 955 2145 ab
986 2106 1171 2144 Numidis
1200 2105 1457 2152 interfectum,

137 2173 400 2210 Adherbalem
436 2173 534 2210 ultro
568 2173 712 2210 bellum
743 2172 984 2217 inferentem,
1017 2178 1226 2220 postquam
1257 2157 1457 2219 superatus

136 2237 195 2284 sit,
224 2236 332 2285 queri
362 2237 469 2285 quod
498 2235 675 2273 iniuriam
705 2237 830 2274 facere
859 2235 1123 2284 nequiuissct3
1154 2235 1379 2284 Iugurtham
1409 2236 1458 2272 ab
