1596 2495
417 85 505 121 DE
542 85 739 122 BELLO
778 84 1176 121 IUGURTHJNO
1414 85 1457 119 61

132 188 311 227 clariores
350 201 434 226 sese
472 194 624 236 putant.
700 187 806 235 quod
849 193 986 224 contra
1031 193 1098 224 est.
1177 199 1267 222 nam
1315 192 1463 234 quanto
1486 198 1530 221 22

133 255 214 293 uita
246 254 399 291 illorum
430 252 672 303 praeclarior,
705 260 813 290 tanto
845 252 984 289 horum
1015 251 1195 288 socordia
1224 250 1460 299 flagitiosior.

133 326 170 357 et
195 319 371 368 profecto
397 316 450 354 ita
474 329 514 354 se
541 330 600 355 res
625 318 766 354 habet:
797 315 987 353 maiorum
1011 314 1133 364 gloria
1158 315 1324 364 posteris
1351 315 1460 363 quasi
1486 334 1504 353 2
1511 331 1532 366 3

131 385 263 421 lumen
284 391 352 428 est,
368 395 496 431 neque
517 383 622 419 bona
642 394 769 430 neque
789 382 892 418 mala
912 394 1046 419 eorum
1068 380 1108 418 in
1129 382 1285 418 occulto
1306 380 1459 429 patitur.

132 449 291 486 huiusce
324 446 377 485 rei
412 460 483 496 ego
516 446 688 495 inopiam
721 447 855 492 fateor,
888 445 1070 494 Quirites,
1105 459 1252 493 uerum,
1283 445 1323 483 id
1355 446 1462 494 quod
1485 457 1532 489 24

132 514 255 550 multo
275 511 507 562 praeclarius
529 519 599 557 est,
621 518 790 548 meamet
810 511 911 548 facta
932 510 1026 548 mihi
1048 511 1178 549 dicere
1199 510 1298 549 licet.
1357 524 1462 548 nunc
1486 522 1530 558 25

132 576 264 615 uidete
291 589 405 625 quarn
432 568 555 624 iniqui
582 574 667 613 sint.
728 575 835 624 quod
862 588 910 613 ex
929 575 1057 612 aliena
1083 575 1227 612 uirtute
1254 574 1327 613 sibi
1353 576 1463 612 adro-

131 651 235 690 gant,
256 641 296 679 id
320 641 413 678 mihi
440 654 487 679 ex
513 654 600 679 mea
624 653 704 679 non
729 641 965 686 concedunt,
989 640 1138 678 scilicet
1162 640 1253 689 quia
1273 640 1461 689 imagines

132 719 212 743 non
245 706 372 743 habeo
406 713 444 743 et
477 704 568 753 quia
602 704 697 742 mihi
730 717 836 743 noua
874 704 1056 743 nobilitas
1096 713 1165 752 est,
1200 718 1317 754 quam
1358 713 1461 743 certe

132 769 330 819 peperisse
353 768 489 807 melius
517 776 575 807 est
601 782 720 818 quam
746 775 948 818 acceptam
978 769 1217 819 conrupisse.
1277 769 1458 818 equidem
1485 774 1531 808 26

133 848 205 885 ego
229 848 308 873 non
334 834 481 885 ignom,
508 834 538 872 si
565 834 642 871 iarn
667 833 761 871 mihi
785 835 1022 884 respondere
1049 835 1182 882 uelint,
1208 835 1365 872 abunde
1388 834 1461 873 illis

133 899 339 937 facundam
378 906 416 936 et
454 898 704 948 conpositam
742 899 959 937 orationem
998 900 1090 937 fore.
1148 900 1218 938 sed
1256 899 1297 936 in
1329 907 1461 937 uostro

134 977 315 1001 maxumo
336 962 519 1001 benificio
539 976 627 1001 cum
649 963 832 1002 omnibus
857 965 953 1003 locis
977 978 1041 1002 me
1067 977 1218 1013 uosque
1244 964 1461 1003 maledictis

134 1031 314 1073 lacerent,
353 1041 433 1066 non
472 1029 616 1077 placuit
654 1028 825 1074 reticere,
857 1030 996 1079 nequis
1030 1020 1265 1067 modestiam
1299 1029 1336 1067 in
1372 1043 1462 1068 con-

134 1093 335 1131 scientiam
356 1094 524 1131 duceret.
583 1106 675 1130 nam
698 1107 760 1132 me
780 1094 940 1142 quidem
963 1107 1009 1132 ex
1029 1094 1150 1131 animi
1173 1095 1248 1132 mei
1268 1095 1462 1132 sententia
1485 1106 1529 1140 27

135 1160 240 1196 nulla
268 1158 391 1196 oratio
418 1159 572 1196 laedere
599 1166 739 1207 potest.
798 1159 944 1208 quippe
971 1173 1062 1196 uera
1089 1172 1249 1197 necesse
1277 1167 1335 1197 est
1360 1161 1461 1198 bene

136 1224 369 1272 praedicent,
392 1223 488 1260 falsa
507 1221 587 1260 uita
608 1235 814 1271 moresque
834 1222 912 1261 mei
932 1231 1126 1272 superant.
1185 1225 1255 1262 sed
1275 1223 1461 1271 quoniam
1485 1225 1532 1261 28

135 1296 265 1326 uostra
293 1286 454 1324 consilia
483 1295 726 1332 accusantur,
758 1288 823 1336 qui
855 1286 948 1324 mihi
978 1300 1176 1325 summum
1205 1289 1394 1325 honorem
1425 1296 1463 1327 et

136 1364 359 1389 maxumum
380 1349 580 1400 negotium
600 1349 837 1399 inposuistis,
858 1350 974 1388 etiam
995 1358 1112 1400 atque
1134 1351 1251 1388 etiam
1273 1359 1460 1400 reputate,

136 1429 228 1453 num
266 1429 399 1454 eorum
440 1415 722 1464 paenitendum
761 1415 820 1454 sit.
898 1429 978 1454 non
1017 1429 1177 1464 possum
1217 1417 1306 1454 fidei
1345 1430 1463 1455 causa
1486 1430 1532 1465 29

136 1479 321 1530 imagines
346 1493 475 1529 neque
501 1480 718 1530 triumphos
740 1489 805 1518 aut
828 1482 1054 1518 consulatus
1074 1480 1266 1518 maiorum
1286 1480 1462 1520 meorum

136 1552 342 1589 ostentare,
368 1551 417 1591 at,
444 1544 476 1582 si
502 1557 562 1582 res
589 1546 770 1593 postulet,
795 1546 935 1591 hastas,
959 1544 1156 1590 uexillum,
1179 1546 1367 1594 phaleras,
1389 1547 1462 1584 alia

137 1609 315 1647 militaria
344 1609 458 1655 dona,
492 1617 694 1658 praeterea
722 1609 922 1648 cicatrices
951 1611 1120 1648 aduorso
1148 1623 1319 1660 corpore.
1390 1612 1463 1649 hae
1485 1623 1533 1657 30

136 1683 226 1713 sunt
254 1688 366 1713 meae
395 1674 595 1724 imagines,
621 1676 719 1714 haec
749 1675 945 1722 nobilitas,
968 1688 1047 1713 non
1076 1675 1292 1714 hereditate
1317 1676 1460 1722 relicta,

136 1748 177 1777 ut
216 1740 280 1776 illa
317 1738 402 1785 illis,
443 1740 511 1778 sed
557 1753 658 1789 quae
703 1753 776 1791 ego
822 1739 919 1778 meis
961 1739 1151 1789 plurumis
1188 1740 1387 1778 laboribus
1426 1749 1464 1779 et

136 1804 317 1854 periculis
347 1803 532 1852 quaesiui.
592 1817 672 1842 non
702 1812 792 1842 sunt
821 1803 1028 1854 conposita
1057 1804 1178 1842 uerba
1206 1817 1315 1842 mea:
1354 1805 1463 1853 parui
1485 1814 1530 1849 31

138 1869 176 1907 id
204 1868 316 1906 facio.
376 1868 462 1917 ipsa
492 1882 533 1907 se
562 1868 684 1906 uirtus
714 1868 806 1906 satis
835 1868 1031 1907 ostendit:
1070 1868 1144 1906 illis
1173 1868 1335 1905 artificio
1365 1882 1464 1918 opus

137 1941 205 1979 est,
228 1941 270 1970 ut
295 1933 423 1982 turpia
445 1934 548 1984 facta
571 1932 747 1971 oratione
773 1941 915 1983 tegant.
974 1946 1104 1982 neque
1124 1933 1272 1971 litteras
1293 1935 1464 1972 Graecas
1485 1950 1533 1985 32

137 1997 278 2037 didici:
303 2011 439 2047 parum
460 1998 641 2047 placebat
662 2011 727 2036 eas
746 1998 907 2044 discere,
931 1997 1079 2048 quippe
1099 2011 1199 2047 quae
1215 2000 1266 2037 ad
1282 1997 1463 2037 uirtutem

138 2062 373 2100 doctoribus
390 2061 485 2100 nihil
511 2064 748 2112 profuerant.
807 2071 846 2101 at
872 2063 938 2101 illa
964 2065 1088 2101 multo
1113 2071 1275 2113 optuma
1298 2063 1352 2101 rei
1373 2065 1466 2113 pub-
1486 2076 1535 2111 33

138 2127 234 2165 licae
265 2128 406 2165 doctus
437 2140 535 2174 sum,
566 2129 720 2166 hostem
756 2127 879 2175 ferire,
910 2128 1146 2177 praesidium
1181 2128 1336 2177 agitare,
1370 2127 1465 2165 nihil

140 2198 310 2230 metuere
334 2192 407 2229 nisi
429 2199 584 2241 turpem
608 2193 765 2240 famam,
783 2192 953 2231 hiemem
976 2200 1013 2231 et
1034 2200 1224 2231 aestatem
1248 2193 1352 2231 iuxta
1372 2193 1463 2242 pati,

138 2255 246 2293 humi
291 2256 544 2305 requiescere,
586 2257 726 2295 eodem
774 2264 952 2305 tempore
998 2257 1169 2306 inopiam
1214 2264 1252 2295 et
1290 2257 1464 2295 laborem
