1596 2495
157 86 203 121 28
515 85 555 121 C.
597 84 743 122 SALL
755 84 893 121 USTJ
927 84 1123 120 ClesSl’]

153 201 269 237 quam
291 187 465 226 animum
487 187 657 225 aduortit
679 200 794 237 supra
814 188 975 237 gratiam
997 195 1116 236 atque
1144 187 1349 236 pecuniam
1376 201 1485 226 suam

111 266 133 301 9
154 253 340 291 inuidiam
363 253 451 291 sacti
473 267 568 292 esse.
628 253 744 303 igitur
771 267 1010 302 quamquam
1039 253 1077 290 in
1105 253 1232 302 priore
1259 252 1414 291 actione
1442 267 1488 291 ex

153 318 287 356 amicis
326 317 609 368 quinquaginta
646 319 768 357 uades
813 320 986 365 dederat,
1034 331 1154 368 regno
1200 318 1322 367 magis
1368 331 1486 367 quam

154 382 320 420 uadibus
341 384 549 421 consulens
577 384 677 421 clam
706 385 745 420 in
774 383 1004 421 Numidiam
1027 383 1288 421 Bomilcarem
1313 382 1486 429 dimittit,

155 449 298 487 ueritus
319 462 368 487 ne
388 448 557 498 reliquos
578 449 776 498 popularis
797 456 923 487 metus
944 449 1149 487 inuaderet
1170 447 1333 497 parendi
1354 447 1439 494 sibi,
1457 447 1487 485 si

156 515 205 551 de
234 513 301 552 illo
330 512 566 562 supplicium
596 521 795 562 sumptum
826 513 935 551 foret.
996 519 1034 550 et
1063 512 1147 561 ipse
1183 511 1317 562 paucis
1351 511 1488 550 diebus

93 591 137 615 10
157 580 296 618 eodem
319 579 518 627 profectus
545 585 614 625 est,
644 577 769 615 iussus
796 592 818 615 a
845 584 983 616 senatu
1014 576 1127 615 Italia
1155 578 1356 615 decedere.
1418 577 1487 614 sed

156 652 364 694 postquam
395 645 524 681 Roma
551 656 726 691 egressus
755 650 825 688 est,
853 644 971 681 fertur
999 655 1116 692 saepe
1145 656 1192 680 eo
1214 641 1353 680 tacitus
1373 641 1489 690 respi-

156 710 262 747 ciens
285 716 485 759 postremo
512 707 678 746 dixisse:
712 709 870 745 ‘urbem
899 709 1080 745 uenalem
1109 714 1147 745 et
1173 713 1324 744 mature
1352 706 1489 756 peritu-

156 788 248 818 ram,
270 773 302 811 si
323 781 540 822 emptorem
563 772 791 810 inueneritl'

77 839 137 882 36
238 837 400 876 Interim
423 839 589 875 Albinus
610 845 800 875 renouato
818 837 923 875 bello
940 844 1217 881 commeatum,
1233 835 1486 886 stipendium,

157 904 320 953 aliaque,
361 917 462 953 quae
501 902 689 940 militibus
727 902 814 939 usui
854 903 990 949 forent,
1032 910 1200 940 maturat
1240 902 1278 938 in
1319 901 1487 938 Africam

158 978 321 1019 portare,
355 982 401 1006 ac
436 968 565 1007 statim
601 968 684 1018 ipse
719 969 930 1017 profectus,
963 967 1019 1005 uti
1053 976 1144 1005 ante
1179 967 1349 1012 comitia,
1383 967 1488 1016 quod

157 1041 310 1083 tempus
340 1035 444 1071 haud
474 1035 591 1081 longe
620 1034 764 1079 aberat,
786 1031 902 1069 armis
929 1040 996 1070 aut
1027 1032 1229 1070 deditione
1256 1039 1322 1069 aut
1348 1030 1489 1080 quouis

119 1111 136 1134 2
159 1099 278 1135 modo
302 1099 450 1136 bellum
478 1098 701 1135 conficeret.
759 1104 798 1134 at
819 1104 956 1133 contra
978 1096 1166 1145 Iugurtha
1186 1097 1336 1133 trahere
1357 1093 1489 1132 onmia

159 1170 197 1200 et
231 1163 334 1209 alias,
367 1161 511 1200 deinde
544 1161 639 1200 alias
671 1174 806 1200 morae
839 1174 976 1199 causas
1008 1162 1145 1208 facere,
1179 1159 1353 1209 polliceri
1384 1158 1490 1197 dedi-

159 1228 307 1266 tionem
334 1240 380 1265 ac
407 1227 553 1265 deinde
580 1235 728 1265 metum
752 1226 944 1273 simulare,
967 1227 1108 1264 cedere
1130 1225 1290 1263 instanti
1311 1232 1350 1263 et
1370 1225 1490 1274 paulo

160 1300 258 1342 post,
282 1304 331 1330 ne
357 1290 415 1328 sui
443 1291 675 1336 diffiderent,
698 1291 864 1328 instare:
895 1290 947 1328 ita
971 1290 1063 1328 belli
1086 1291 1216 1336 modo,
1240 1289 1361 1327 modo
1383 1287 1489 1338 pacis

118 1372 138 1406 3
159 1371 268 1402 mora
291 1358 496 1395 consulem
523 1356 733 1395 ludificare.
792 1369 838 1393 ac
857 1357 962 1394 fuere
983 1355 1050 1404 qui
1071 1363 1153 1393 tum
1176 1355 1364 1393 Albinum
1386 1355 1490 1392 haud

159 1422 334 1471 ignarum
373 1421 512 1460 consili
551 1421 650 1470 regis
691 1421 982 1465 existumarent,
1014 1433 1142 1470 neque
1181 1432 1228 1458 ex
1266 1427 1374 1458 tanta
1406 1431 1491 1468 pro-

160 1486 335 1536 perantia
364 1493 443 1524 tam
474 1486 588 1524 facile
619 1494 783 1524 tractum
819 1486 964 1524 bellum
998 1483 1179 1522 socordia
1214 1483 1336 1533 magis
1373 1497 1489 1532 quam

118 1566 141 1600 4
161 1552 253 1589 dolo
274 1551 488 1589 crederent.
539 1551 610 1589 sed
630 1560 852 1600 postquam,
869 1550 1022 1598 dilapso
1039 1557 1226 1598 tempore,
1242 1548 1489 1587 comitiorum

160 1615 244 1654 dies
271 1616 523 1661 aduentabat,
547 1615 714 1653 Albinus
740 1616 842 1652 Aulo
868 1616 980 1652 fratre
1007 1614 1046 1651 in
1068 1614 1202 1651 castris
1222 1626 1292 1670 pro
1314 1619 1490 1662 praetore

82 1683 139 1726 37
161 1681 295 1719 relicto
320 1684 489 1718 Romam
511 1680 689 1718 decessit.
740 1693 786 1717 ea
807 1686 1041 1728 tempestate
1063 1681 1218 1718 Romae
1233 1678 1491 1717 seditionibus

121 1761 139 1784 2
161 1745 375 1784 tribuniciis
398 1745 581 1783 atrociter
608 1758 667 1783 res
694 1745 853 1794 publica
880 1745 1107 1794 agitabatur.
1168 1746 1207 1781 P.
1238 1745 1423 1782 Lucullus
1453 1751 1491 1782 et

163 1813 206 1849 L.
236 1811 390 1849 Annius
425 1810 569 1849 tribuni
601 1809 725 1860 plebis
756 1809 1028 1849 resistentibus
1060 1809 1232 1859 conlegis
1261 1808 1490 1847 continuare

162 1875 428 1925 magistratum
459 1875 694 1920 nitebantur,
718 1888 818 1924 quae
846 1874 1038 1912 dissensio
1067 1874 1185 1912 totius
1212 1873 1304 1911 anni
1332 1872 1491 1911 comitia

121 1955 142 1990 3
163 1940 398 1989 inpediebat.
458 1953 503 1978 ea
530 1953 640 1977 mora
670 1940 708 1977 in
739 1953 848 1989 spem
879 1940 1074 1978 adductus
1103 1940 1225 1976 Aulus
1256 1939 1390 1988 (quem
1420 1951 1490 1986 pro

162 2012 338 2053 praetore
369 2005 406 2041 in
437 2005 571 2042 castris
599 2004 776 2042 relictum
805 2017 921 2053 supra
947 2002 1132 2054 diximus)
1159 2009 1226 2040 aut
1252 2002 1491 2041 conficiundi

164 2070 255 2107 belli
294 2078 360 2107 aut
400 2077 545 2107 terrore
583 2069 774 2107 exercitus
813 2071 862 2107 ab
901 2082 989 2118 rege
1028 2068 1219 2117 pecuniae
1257 2067 1488 2117 capiundae,

163 2134 304 2172 milites
331 2147 466 2172 mense
494 2133 677 2171 Ianuario
703 2146 749 2171 ex
773 2133 943 2171 hibernis
964 2133 1005 2170 in
1026 2131 1488 2181 expeditionerireuocat,

163 2197 391 2247 magnisque
430 2198 632 2236 itineribus
670 2197 799 2236 hieme
833 2211 969 2246 aspera
1003 2196 1183 2246 peruenit
1216 2197 1267 2234 ad
1301 2196 1490 2246 oppidum

123 2274 145 2306 4
165 2265 315 2310 Suthul,
330 2263 394 2300 ubi
417 2263 513 2311 regis
534 2263 703 2300 thesauri
723 2271 842 2300 erant.
892 2264 998 2311 quod
1015 2275 1255 2311 quamquam
1277 2270 1314 2300 et
1332 2261 1492 2299 saeuitia
