1596 2495
384 101 472 137 DE
509 100 707 137 BELLO
746 100 858 137 JUG
868 100 1146 137 URTHJNO
1381 110 1400 148 5
1410 110 1428 148 5

100 205 407 252 societatemque
438 210 626 253 rogatum.
687 202 841 250 deinde,
872 202 938 240 ubi
968 215 1014 239 ea
1043 202 1246 251 inpetrata,
1278 214 1432 251 semper
1452 211 1474 246 3

102 269 196 308 boni
218 269 432 317 fidelesque
457 280 645 315 mansere,
674 275 712 306 et
738 276 881 305 cuneta
906 280 930 305 a
957 266 1088 304 Bestia
1115 265 1260 303 Albino
1289 267 1429 303 Metel-

101 335 217 383 loque
244 332 435 382 imperata
459 345 557 371 nave
583 334 766 372 fecerant.
826 332 956 381 itaque
984 333 1034 369 ab
1062 331 1297 381 imperatore
1318 330 1430 368 facile
1451 343 1474 375 4

101 410 201 447 quae
225 397 412 447 petebant
438 397 579 446 adepti.
640 398 805 436 emissae
832 410 880 436 eo
908 398 1089 435 cohortes
1115 396 1300 446 Ligurum
1322 404 1430 445 quat-

103 469 189 500 tuor
225 469 262 500 et
301 463 343 501 C.
381 461 534 499 Annius
573 463 801 512 praefectus.
860 461 901 500 id
939 460 1130 511 oppidum
1170 461 1219 499 ab
1259 460 1429 499 Sidoniis
1449 463 1508 507 ’78

101 527 304 565 conditum
354 534 422 573 est,
469 539 568 575 quos
613 527 838 577 accepimus
885 527 1069 576 profugos
1114 526 1167 564 ob
1213 525 1430 564 discordias

101 592 222 630 civilis
253 592 420 630 nauibus
451 591 489 629 in
521 604 587 629 eos
618 592 727 630 locos
758 590 925 629 uenisse.
983 600 1156 629 ceterum
1187 590 1302 628 situm
1332 590 1431 628 inter

101 657 198 694 duas
227 655 359 705 Syrtis,
383 655 525 705 quibus
555 668 702 694 nomen
733 669 781 694 cx
809 668 848 692 re
876 655 1055 693 inditum.
1115 668 1206 692 nam
1233 657 1313 694 duo
1341 663 1430 694 sunt
1453 671 1471 694 2

101 721 206 759 sinus
241 734 361 771 prope
396 721 434 759 in
473 728 645 759 extrema
679 720 810 758 Africa
844 720 998 770 inpares
1033 720 1316 770 magnitudine,
1348 720 1431 770 pari

101 795 247 825 natura.
306 799 471 836 quorum
502 799 692 836 proxuma
722 794 845 824 terrae
875 786 1047 836 praealta
1076 793 1177 833 sunt,
1206 794 1347 833 cetera,
1376 786 1430 824 uti

101 853 176 889 fors
207 851 304 898 tulit,
337 852 415 889 alta
448 850 533 897 alia,
566 852 647 889 alia
678 851 715 888 in
752 857 986 900 tempestate
1021 851 1178 889 uadosa.
1240 864 1330 889 narn
1365 851 1430 889 ubi
1450 859 1471 894 3

102 929 206 954 mare
236 929 419 966 magnum
450 929 536 954 esse
572 923 609 953 et
647 915 796 954 saeuire
828 915 957 954 uentis
986 915 1128 965 coepit,
1161 916 1296 954 limum
1326 917 1429 954 hare-

102 993 272 1030 namque
299 989 336 1019 et
361 994 451 1019 saxa
474 980 646 1031 ingentia
672 980 811 1018 fluctus
835 981 1015 1020 trahunt:
1047 980 1099 1019 ita
1119 981 1237 1020 facies
1258 982 1429 1019 locorum

101 1059 189 1084 cum
231 1046 358 1084 uentis
396 1046 510 1083 simul
548 1052 742 1084 mutatur:
786 1046 916 1094 Syrtes
949 1046 1000 1084 ab
1035 1053 1158 1084 tractu
1193 1046 1428 1084 nominatae.

101 1110 182 1149 eius
216 1110 384 1149 ciuitatis
415 1110 545 1161 lingua
577 1111 697 1148 modo
730 1122 923 1148 conuorsa
954 1111 1126 1149 conubio
1157 1111 1428 1159 Numidarum,
1450 1127 1473 1160 4

101 1177 229 1225 legum
254 1176 460 1224 cultusque
487 1176 671 1224 pleraque
698 1174 896 1220 Sidonica,
920 1187 1021 1223 quae
1048 1187 1095 1213 eo
1119 1175 1268 1214 facilius
1296 1177 1431 1215 retine-

102 1242 205 1288 bant,
228 1240 335 1289 quod
362 1240 496 1289 procul
523 1240 572 1277 ab
597 1238 761 1288 imperio
781 1239 880 1288 regis
900 1247 1071 1278 aetatem
1092 1242 1271 1290 agebant.
1331 1241 1431 1279 inter
1451 1246 1471 1284 5

101 1305 186 1343 illos
206 1312 244 1343 et
264 1305 508 1354 frequentem
531 1304 761 1342 Numidiam
783 1303 892 1342 multi
914 1304 1092 1354 uastique
1113 1305 1188 1343 loci
1210 1313 1329 1344 erant.

180 1370 256 1408 Sed
285 1368 469 1419 quoniam
496 1368 534 1406 in
562 1381 627 1407 eas
655 1368 834 1417 regiones
859 1381 925 1417 per
955 1369 1254 1418 Leptitanorum
1276 1370 1431 1420 negotia
1451 1369 1508 1413 79

102 1433 292 1481 uenimus,
326 1448 405 1472 non
444 1433 647 1483 indignum
682 1433 836 1471 uidetur
871 1433 1066 1483 egregium
1102 1442 1220 1484 atque
1254 1435 1431 1475 mirabile

102 1499 250 1537 facinus
276 1499 442 1537 duorum
472 1497 855 1548 Carthaginiensium
878 1512 1118 1538 memorare:
1149 1513 1235 1538 eam
1257 1513 1336 1539 rem
1358 1513 1430 1539 nos

102 1564 210 1601 locus
234 1562 450 1602 admonuit.
509 1576 586 1612 qua
614 1570 849 1612 tempestate
877 1563 1220 1613 Carthaginienses
1247 1566 1431 1615 pleraque
1453 1579 1471 1603 2

102 1627 232 1666 Africa
257 1627 542 1677 imperitabant,
570 1629 814 1677 Cyrenenses
844 1640 1002 1677 quoque
1033 1628 1163 1678 magni
1192 1636 1309 1678 atque
1339 1643 1431 1680 opu-

102 1693 195 1732 lenti
226 1694 342 1732 fuere.
401 1706 490 1743 ager
524 1693 563 1731 in
599 1693 731 1732 medio
767 1694 992 1740 harenosus,
1024 1708 1101 1732 una
1129 1694 1271 1744 specie,
1301 1708 1430 1744 neque
1449 1705 1471 1740 3

103 1759 248 1797 flumen
274 1772 400 1808 neque
422 1771 534 1797 mons
555 1766 646 1804 erat,
670 1758 736 1807 qui
757 1758 843 1796 finis
864 1772 999 1798 eorum
1022 1759 1268 1798 discerneret.
1328 1772 1430 1809 quae

102 1837 161 1862 res
188 1836 256 1862 eos
283 1825 322 1861 in
350 1836 494 1872 magno
520 1823 786 1871 diuturnoque
815 1824 920 1862 bello
941 1823 1041 1862 inter
1060 1837 1101 1862 se
1122 1824 1267 1863 habuit.
1327 1831 1430 1873 post·
1448 1838 1472 1871 4

102 1901 219 1938 quam
241 1888 434 1937 utrimque
454 1887 638 1936 legiones,
655 1887 747 1925 item
769 1888 912 1926 classes
928 1901 1046 1938 saepe
1062 1889 1167 1927 fusae
1183 1890 1428 1939 fugataeque,

103 1961 141 1992 et
164 1954 272 1992 alteri
294 1954 436 1992 alteros
456 1953 700 2002 aliquantum
722 1952 970 2000 adtriuerant‚
993 1954 1103 1992 ueriti
1124 1967 1174 1992 ne
1195 1967 1284 1992 mox
1306 1954 1430 1992 uictos

103 2018 350 2067 uictoresque
379 2018 554 2056 defessos
583 2017 680 2055 alius
709 2019 992 2068 aggrederetur,
1018 2032 1087 2068 per
1115 2018 1284 2057 indutias
1314 2031 1431 2069 spon-

103 2083 253 2121 sionem
285 2081 442 2127 faciunt‚
465 2081 519 2119 uti
548 2089 654 2119 certo
685 2082 748 2120 die
779 2082 894 2132 legati
922 2083 1043 2121 domo
1071 2082 1430 2132 proficiscerentur:

103 2160 182 2196 quo
207 2146 247 2184 in
274 2147 361 2184 loco
391 2146 489 2183 inter
518 2159 558 2183 se
589 2146 695 2184 obuii
725 2146 898 2194 fuissent,
921 2146 953 2185 is
982 2146 1203 2185 eommunis
1231 2146 1431 2196 utriusque

103 2210 238 2259 populi
266 2210 352 2247 finis
379 2210 594 2248 haberetur.
654 2209 766 2260 igitur
794 2211 1032 2259 Carthagine
1053 2211 1133 2249 duo
1155 2212 1288 2250 fratres
1310 2210 1428 2256 missi,
1449 2222 1469 2260 5

104 2274 246 2323 quibus
292 2287 436 2312 nomen
484 2273 679 2311 Philaenis
724 2282 816 2321 erat,
857 2283 1100 2314 maturauere
1145 2277 1216 2314 iter
1260 2288 1426 2326 pergere.
