1596 2495
384 67 472 103 DE
508 64 707 102 BELLO
744 65 1143 103 JUGURTHJNO
1378 66 1426 112 69

100 169 254 206 addere.
312 166 427 217 igitur
448 166 514 205 diu
534 168 781 214 multumque
802 165 951 214 fatigati
972 165 1131 202 tandem
1159 166 1198 202 in
1225 166 1427 201 castellum
1450 175 1470 210 3

100 232 344 281 perueniunt,
375 233 572 270 desertum
600 231 650 268 ab
681 243 726 268 ea
755 236 874 279 parte,
906 230 1012 278 quod
1041 242 1178 267 omnes
1213 228 1312 266 sicut
1344 229 1428 266 aliis

101 297 238 336 diebus
271 298 481 335 aduorsum
516 295 638 333 hostis
671 295 843 332 aderant.
905 294 1052 332 Marius
1090 294 1159 332 ubi
1198 307 1245 332 ex
1283 293 1428 332 nuntiis

102 373 201 411 quae
231 361 349 411 Ligus
378 368 508 411 egerat
537 361 733 410 cognouit,
769 373 1008 410 quamquam
1042 366 1127 397 toto
1161 359 1226 398 die
1256 359 1428 397 intentos

101 426 249 476 proelio
281 425 475 464 Numidas
505 426 704 469 habuerat,
733 432 817 462 tum
846 437 939 462 uero
969 425 1194 462 cohortatus
1223 423 1364 462 milites
1391 431 1430 461 et

102 491 184 542 ipse
204 499 309 529 extra
328 490 464 528 uineas
486 503 661 540 egressus
682 489 877 528 testudine
904 496 991 527 acta
1018 489 1230 528 succedere
1255 496 1293 527 et
1315 487 1430 526 simul

103 557 256 594 hostem
305 554 509 594 tormentis
555 553 840 604 sagittariisque
887 561 926 592 et
972 553 1234 591 funditoribus
1279 553 1430 591 eminus

104 628 254 659 terrere.
312 628 351 658 at
382 619 578 657 Numidae
606 632 723 668 saepe
751 627 868 657 antea
895 617 1018 656 uineis
1048 620 1319 656 Romanorum
1345 619 1432 656 sub·
1450 633 1475 666 4

104 686 238 730 uorsis,
260 686 354 723 item
375 684 558 730 incensis,
580 697 660 722 non
682 683 831 722 castelli
852 683 1059 721 moenibus
1080 695 1165 720 sese
1191 683 1428 729 tutabantur,

104 751 172 788 sed
192 762 263 800 pro
289 762 399 787 muro
426 749 508 787 dies
537 748 744 797 noctisque
770 747 925 798 agitare,
955 748 1057 785 male
1083 747 1213 786 dicere
1241 748 1432 786 Romanis

104 828 151 853 ac
180 815 307 852 Mario
336 814 561 852 uecordiam
591 814 800 860 obiectare,
831 812 1020 851 militibus
1048 812 1191 850 nostris
1222 814 1433 862 Iugurthae

105 878 303 918 seruitium
351 878 501 924 minari,
547 878 730 917 secundis
774 878 889 916 rebus
933 878 1081 916 feroces
1126 890 1221 916 esse.
1278 877 1432 915 interim
1454 884 1473 922 5

106 945 301 991 omnibus,
341 943 532 982 Romanis
571 943 841 993 hostibusque,
881 943 1030 994 proelio
1075 942 1246 989 intentis,
1293 956 1435 992 magna

106 1008 300 1058 utrimque
329 1009 367 1047 ui
397 1021 469 1057 pro
497 1007 616 1058 gloria
645 1017 762 1057 atque
796 1007 961 1056 imperio
995 1007 1065 1054 his,
1100 1006 1175 1045 illis
1208 1019 1280 1056 pro
1314 1008 1435 1045 salute

107 1074 343 1113 certantibus
363 1081 523 1123 repente
545 1087 568 1111 a
587 1081 695 1122 tergo
717 1073 827 1123 signa
846 1085 996 1119 canere,
1026 1085 1071 1110 ac
1100 1071 1228 1121 primo
1255 1072 1435 1110 mulieres

107 1149 145 1178 et
164 1139 284 1189 pueri,
307 1139 374 1189 qui
395 1139 521 1177 uisum
543 1146 823 1189 processerant,
845 1138 988 1186 fugere,
1018 1136 1162 1175 deinde
1188 1137 1244 1174 uti
1270 1135 1436 1185 quisque

109 1217 219 1242 muro
246 1216 457 1253 proxumus
485 1211 576 1249 erat,
605 1210 807 1251 postremo
837 1200 980 1247 cuncti,
1010 1200 1148 1238 armati
1176 1200 1431 1249 inermesque.

108 1269 216 1318 quod
253 1267 322 1305 ubi
359 1266 512 1312 accidit,
552 1279 600 1304 eo
638 1265 763 1304 acrius
799 1265 973 1303 Romani
1006 1265 1158 1312 instare,
1193 1266 1357 1303 fundere
1391 1276 1436 1301 ac
1457 1265 1478 1300 6

108 1334 315 1383 plerosque
341 1331 617 1369 tantummodo
647 1329 830 1375 sauciare,
859 1330 951 1367 dein
978 1342 1094 1378 super
1119 1330 1337 1368 occisorum
1358 1341 1438 1367 cor-

109 1410 204 1447 pora
231 1396 386 1440 uadere,
417 1394 521 1433 auidi
551 1393 695 1444 gloriae
728 1402 920 1432 certantes
951 1407 1103 1431 murum
1131 1403 1277 1443 petere,
1308 1406 1437 1442 neque

109 1473 347 1510 quemquam
367 1459 542 1498 omnium
566 1459 712 1508 praeda
733 1458 885 1496 morari.
943 1457 997 1496 sic
1018 1459 1116 1497 forte
1136 1467 1307 1497 correcta
1335 1459 1437 1496 Mari
1459 1467 1477 1502 7

110 1525 306 1564 temeritas
325 1524 488 1574 gloriam
509 1537 556 1562 ex
575 1525 691 1573 culpa
710 1523 870 1561 inuenit.

189 1593 386 1638 Ceterum,
421 1591 516 1628 dum
550 1602 598 1628 ea
629 1603 689 1628 res
723 1589 875 1640 geritur,
912 1591 956 1628 L.
992 1591 1098 1628 Sulla
1131 1598 1315 1639 quaestor
1346 1603 1435 1629 cum
1457 1594 1514 1637 95

110 1669 254 1706 magno
274 1655 450 1704 equitatu
469 1655 509 1692 in
530 1662 654 1693 castra
673 1656 792 1702 uenit,
815 1667 915 1704 quos
934 1653 990 1692 uti
1010 1667 1056 1692 ex
1077 1655 1191 1693 Latio
1211 1662 1250 1693 et
1273 1668 1297 1693 a
1322 1654 1438 1693 sociis

111 1729 265 1770 cogeret
287 1722 441 1758 Romae
460 1719 616 1757 relictus
636 1727 725 1757 erat.
786 1719 854 1757 sed
876 1718 1062 1768 quoniam
1078 1731 1151 1756 nos
1172 1718 1268 1756 tanti
1288 1718 1359 1756 uiri
1379 1731 1436 1756 res
1459 1732 1477 1756 2

111 1782 327 1830 admonuit,
341 1783 529 1821 idoneum
550 1783 676 1820 uisum
697 1789 756 1820 est
775 1783 826 1820 de
845 1789 982 1820 natura
1002 1783 1188 1830 cultuque
1205 1782 1286 1819 eius
1302 1781 1436 1831 paucis

111 1849 249 1887 dicere.
300 1860 429 1897 neque
449 1846 554 1885 enim
574 1846 650 1884 alio
671 1847 760 1885 loco
780 1847 829 1884 de
850 1847 979 1885 Sullae
998 1849 1114 1885 rebus
1135 1847 1276 1885 dicturi
1292 1860 1435 1893 sumus,

113 1919 151 1950 et
176 1913 220 1950 L.
242 1911 416 1957 Sisenna,
438 1918 600 1959 optume
621 1918 658 1949 et
678 1910 985 1960 diligentissume
1006 1910 1183 1949 omnium
1203 1911 1269 1960 qui
1289 1925 1354 1949 eas
1377 1925 1436 1950 res

113 1976 243 2014 dixere
262 1983 500 2024 persecutus,
521 1988 657 2024 parum
679 1975 774 2012 mihi
794 1975 916 2013 libero
937 1988 1003 2013 ore
1023 1976 1176 2013 locutus
1192 1975 1356 2013 uidetur.

194 2039 315 2093 Igitur
342 2040 448 2077 Sulla
475 2038 600 2088 gentis
629 2038 814 2087 patriciae
843 2038 985 2078 nobilis
1014 2039 1096 2087 fuit,
1133 2039 1280 2077 familia
1312 2053 1437 2089 prope
1457 2052 1479 2087 3

56 2148 62 2154 ἱ
113 2103 191 2141 iam
211 2103 381 2141 extincta
400 2102 589 2141 maiorum
610 2102 774 2152 ignauia,
797 2103 931 2141 litteris
959 2103 1119 2142 Graecis
1145 2111 1261 2153 atque
1289 2104 1437 2141 Latinis

114 2166 229 2212 iuxta,
260 2175 376 2216 atque
406 2166 656 2212 doctissume‚
688 2167 871 2213 eruditus,
910 2167 1042 2205 animo
1076 2167 1236 2216 ingenti,
1271 2169 1436 2217 cupidus

115 2232 374 2281 uoluptatum,
396 2232 465 2269 sed
483 2230 629 2283 gloriae
650 2231 827 2283 cupidior
839 2245 851 2281 3
870 2232 951 2270 otio
972 2232 1167 2270 luxurioso
1187 2244 1283 2276 esse,
1305 2240 1437 2270 tamen
