1596 2495
356 108 443 144 DE
479 108 676 144 BELLO
714 107 1106 145 JUGURTHJNO
1341 120 1383 154 51

66 208 173 246 uenit
212 216 414 257 metusque
452 221 534 246 rem
572 208 810 258 inpediebat,
852 208 1046 246 Bomilcar
1079 208 1192 246 simul
1225 208 1389 257 cupidus

65 273 222 321 incepta
249 271 430 321 patrandi
459 280 497 311 et
527 272 665 310 timore
698 272 779 310 soci
813 272 959 318 anxius,
996 286 1045 310 ne
1079 272 1224 310 omisso
1259 280 1389 309 uetere

65 336 229 374 consilio
267 349 414 374 nouom
453 344 665 385 quaereret,
705 337 850 374 litteras
888 337 938 374 ad
977 349 1067 374 eum
1106 349 1173 385 per
1211 335 1390 374 homines

64 399 187 438 fidelis
209 400 335 446 mittit,
362 400 401 437 in
428 400 514 450 quis
543 400 744 438 mollitiam
772 400 1069 450 socordiamque
1096 400 1168 438 uiri
1194 413 1387 445 accusare,
1409 403 1431 439 6

65 463 195 502 testari
213 465 310 503 deos
330 477 399 513 per
418 477 516 513 quos
536 464 749 510 iurauisset‚
777 477 935 503 monere
962 478 1011 503 ne
1037 464 1211 514 praemia
1239 463 1390 502 Metelli

65 528 105 566 in
133 536 283 578 pestem
314 537 584 567 conuorteret:
616 530 826 578 Iugurthae
855 529 1012 566 exitium
1039 529 1189 575 adesse,
1217 536 1390 567 ceterum

66 606 186 631 suane
215 605 264 630 an
295 592 447 630 Metelli
475 593 617 631 uirtute
643 593 796 642 periret,
824 593 865 631 id
890 594 1012 631 modo
1041 592 1197 641 agitari:
1227 592 1392 642 proinde

65 665 261 707 reputaret
298 670 387 695 cum
420 659 552 696 animo
586 671 669 705 suo,
705 657 877 707 praemia
910 671 960 695 an
993 656 1209 694 cruciatum
1244 658 1387 695 mallet.

67 723 135 761 sed
156 735 246 759 cum
266 735 334 760 eae
354 722 504 760 litterae
525 723 690 766 adlatae,
710 724 809 761 forte
830 722 1031 760 Nabdalsa
1045 721 1214 759 exercito
1231 734 1393 770 corpore
1412 721 1469 765 71

66 789 189 826 fessus
220 786 261 824 in
294 788 395 826 lecto
430 787 666 836 quiescebat,
702 787 768 826 ubi
802 786 969 836 cognitis
1004 786 1231 824 Bomilcaris
1264 785 1392 824 uerbis
1414 800 1432 823 2

67 852 192 902 primo
213 865 313 899 cura,
337 851 490 898 deinde,
513 851 569 890 uti
588 865 746 901 aegrum
765 851 940 889 animum
961 852 1070 897 solet,
1093 864 1254 888 somnus
1275 850 1390 899 cepit.

69 925 150 956 erat
170 918 204 954 ei
229 916 402 954 Numida
421 916 580 966 quidam
607 917 853 966 negotiorum
881 924 1044 962 curator,
1073 916 1174 953 fidus
1197 924 1395 965 acceptus·
1415 925 1436 960 3

68 995 144 1031 que
173 990 212 1020 et
240 982 417 1019 omnium
444 980 695 1018 consiliorum
722 980 796 1018 nisi
823 979 1039 1018 nouissumi
1065 980 1268 1030 particeps.
1327 982 1393 1029 qui
1413 992 1437 1025 4

68 1054 276 1095 postquam
307 1046 456 1083 adlatas
485 1045 631 1083 litteras
660 1045 808 1083 audiuit
838 1053 875 1083 et
905 1058 952 1082 ex
979 1045 1264 1083 consuetudine
1291 1053 1395 1083 ratus

70 1123 188 1160 opera
216 1119 281 1147 aut
311 1109 469 1159 ingenio
498 1122 570 1148 suo
600 1122 698 1159 opus
728 1122 812 1147 esse
842 1109 881 1146 in
911 1110 1207 1147 tabernaculum
1235 1109 1393 1156 introiit,

69 1173 287 1212 dormiente
325 1172 392 1210 illo
431 1172 637 1221 epistulam
675 1185 789 1221 super
827 1180 944 1221 caput
978 1171 1018 1209 in
1052 1171 1215 1221 puluino
1251 1180 1395 1210 temere

70 1239 239 1288 positam
259 1237 376 1276 sumit
396 1251 441 1275 ac
465 1237 637 1287 perlegit,
666 1237 758 1275 dein
785 1250 952 1286 propere
979 1236 1143 1286 cognitis
1170 1236 1319 1275 insidiis
1345 1239 1396 1275 ad

70 1316 199 1353 regem
220 1302 352 1352 pergit.
413 1303 615 1340 Nabdalsa
634 1303 753 1352 paulo
773 1310 862 1351 post
889 1310 1149 1350 experrectuS‚
1178 1301 1244 1339 ubi
1268 1314 1396 1350 neque
1418 1309 1436 1346 5

72 1368 277 1417 epistulam
305 1367 473 1416 repperit
503 1376 540 1405 et
569 1381 648 1405 rem
680 1380 841 1405 omnem
875 1366 932 1404 uti
965 1373 1053 1403 acta
1086 1374 1165 1403 erat
1200 1367 1394 1415 cognouit,

73 1431 198 1480 primo
227 1430 397 1469 indicem
429 1431 610 1480 persequi
643 1440 819 1479 conatus,
850 1438 1058 1480 postquam
1086 1430 1125 1468 id
1152 1431 1289 1469 frustra
1315 1432 1398 1479 fuit,

74 1496 300 1545 Iugurtham
334 1495 517 1544 placandi
545 1495 667 1545 gratia
695 1495 875 1534 adcedit:
915 1495 1010 1534 dicit
1044 1509 1145 1544 quae
1178 1495 1262 1545 ipse
1292 1509 1400 1545 para-

74 1560 191 1598 uisset
227 1561 354 1599 facere
398 1560 560 1610 perfidia
605 1560 756 1598 clientis
803 1560 861 1598 sui
906 1568 1130 1609 praeuenta‚
1180 1561 1398 1599 lacrumans

73 1626 289 1663 obtestatur
307 1638 376 1674 per
394 1623 604 1662 amicitiam
624 1636 770 1674 perque
797 1637 866 1662 sua
892 1632 1009 1663 antea
1034 1624 1201 1662 fideliter
1226 1633 1324 1670 acta,
1350 1639 1399 1663 ne

72 1701 188 1738 super
208 1689 274 1726 tali
294 1689 438 1727 scelere
458 1696 683 1737 suspectum
711 1702 795 1727 sese
822 1689 993 1727 haberet.
1051 1689 1102 1726 ad
1129 1701 1176 1726 ea
1201 1702 1268 1726 rex
1290 1689 1400 1727 aliter
1417 1685 1475 1729 ’72

74 1761 191 1803 atque
210 1753 341 1790 animo
361 1754 520 1801 gerebat
540 1753 694 1801 placide
720 1753 934 1801 respondit.
994 1753 1212 1790 Bomilcare
1239 1753 1400 1802 aliisque

75 1817 216 1863 multis,
247 1829 344 1866 quos
374 1816 502 1868 socios
530 1816 757 1855 insidiarum
787 1825 1036 1867 cognouerat,
1067 1817 1277 1855 interfectis
1306 1818 1402 1855 iram

76 1882 330 1931 obpresserat,
356 1894 408 1919 ne
427 1893 503 1929 qua
531 1893 579 1918 ex
605 1893 653 1919 eo
680 1881 838 1930 negotio
864 1880 1006 1919 seditio
1035 1890 1228 1923 oreretur„
1274 1894 1402 1930 neque
1423 1895 1441 1918 2

77 1952 166 1995 post
193 1944 234 1983 id
261 1946 436 1983 locorum
468 1945 679 1994 Iugurthae
708 1945 792 1983 dies
820 1953 886 1983 aut
917 1958 994 1983 nox
1028 1946 1105 1983 ulla
1139 1945 1273 1994 quieta
1305 1946 1401 1984 fuit:

78 2022 206 2058 neque
225 2010 314 2048 loco
335 2023 465 2060 neque
486 2009 639 2048 mortali
659 2011 839 2059 cuiquam
862 2018 928 2048 aut
943 2009 1109 2059 tempori
1125 2010 1216 2048 satis
1232 2011 1401 2056 credere,

78 2073 173 2112 ciuis
192 2074 394 2123 hostisque
413 2074 518 2113 iuxta
538 2082 720 2122 metuere,
743 2075 1067 2124 circumspectare
1087 2074 1219 2113 omnia
1239 2082 1276 2113 et
1297 2074 1404 2113 omni

79 2138 240 2188 strepitu
266 2152 489 2188 pauescere,
510 2138 587 2178 alio
614 2145 725 2188 atque
749 2141 826 2177 alio
853 2141 950 2187 loco,
980 2152 1096 2189 saepe
1122 2147 1258 2177 contra
1285 2139 1405 2177 decus

81 2204 228 2252 regium
254 2211 374 2242 noctu
400 2203 654 2253 requiescere,
682 2200 878 2242 interdum
907 2217 1048 2243 somno
1077 2203 1224 2242 excitus
1247 2203 1406 2252 arreptis

80 2267 195 2305 armis
211 2270 419 2307 tumultum
437 2270 574 2314 facere,
591 2268 644 2306 ita
660 2269 868 2307 formidine
885 2268 996 2317 quasi
1012 2269 1197 2306 uecordia
1210 2266 1402 2316 exagitari.

1194 2361 1296 2395 4—2
