1596 2495
411 100 498 136 DE
536 101 734 138 BELLO
772 102 1166 140 IUGURTHJNO
1402 111 1445 148 15

128 214 255 251 neque
294 201 454 239 materia
492 201 531 239 in
569 202 668 247 agris
705 216 833 252 neque
871 203 922 241 ab
963 202 1152 251 Hispanis
1189 203 1349 240 emundi
1382 210 1448 240 aut

127 266 305 305 mutandi
333 267 448 315 copia
474 275 578 305 erat:
617 280 723 306 mare
749 280 936 317 magnum
962 276 1000 306 et
1030 268 1160 317 ignara
1188 267 1317 317 lingua
1345 279 1450 304 com-
1468 270 1490 305 6

127 329 271 369 mercio
315 330 586 381 prohibebant.
644 332 679 370 ei
717 332 904 382 paulatim
942 344 1010 381 per
1054 332 1223 369 conubia
1260 332 1448 370 Gaetulos
1470 346 1488 382 7

127 408 259 434 secum
276 395 465 435 miscuere
485 404 535 442 et,
557 396 649 446 quia
669 409 785 446 saepe
806 404 1043 446 temptantes
1063 409 1174 445 agros
1197 396 1282 442 alia,
1304 396 1449 433 deinde

126 460 202 499 alia
247 462 333 499 loca
377 461 606 511 petiuerant,
651 469 776 500 semet
819 460 894 511 ipsi
940 462 1144 499 Nomadas
1187 462 1446 510 adpellauere.

127 533 298 564 ceterum
316 528 444 565 adhuc
460 527 638 565 aedificia
654 526 912 566 Numidarum
928 526 1147 576 agrestium,
1165 540 1266 576 quae
1281 529 1449 577 mapalia
1469 533 1491 568 8

128 592 180 630 illi
211 600 368 640 uocant,
398 594 569 642 oblonga
597 592 766 630 incuruis
796 583 978 630 lateribus
1007 599 1111 629 tecta
1144 592 1255 641 quasi
1289 593 1448 631 nauium

128 656 280 694 carinae
308 664 407 694 sunt.
467 657 597 695 Medis
626 663 758 695 autem
787 663 826 695 et
852 656 1048 694 Armeniis
1076 656 1278 695 adcessere
1308 657 1450 707 Libyes
1470 671 1492 706 9

128 720 236 771 (nam
263 719 301 758 hi
328 721 485 771 propius
512 735 618 760 mare
645 721 819 759 Africum
846 722 1057 770 agitabant,
1087 721 1241 759 Gaetuli
1270 722 1342 760 sub
1369 723 1450 761 sole

129 784 261 834 magis,
291 785 396 823 haud
434 787 571 835 procul
610 786 660 823 ab
698 784 932 835 ardoribus),
963 784 1077 834 eique
1115 793 1265 824 mature
1304 786 1451 837 oppida

127 850 323 888 habuere:
354 863 446 888 nam
472 852 570 889 freto
594 849 710 889 diuisi
736 852 787 889 ab
809 850 1005 900 Hispania
1030 857 1180 889 mutare
1205 863 1266 889 res
1292 851 1391 891 inter
1409 865 1451 890 se

129 914 383 954 instituerant.
440 927 587 953 nomen
631 928 765 954 eorum
810 914 998 964 paulatim
1037 914 1179 964 Libyes
1223 928 1448 965 conrupere,
1475 930 1520 953 10

130 980 291 1017 barbara
327 979 458 1029 lingua
496 972 767 1030 Mauros'pro
806 979 937 1018 Medis
976 981 1230 1028 adpellantes.
1289 982 1357 1019 sed
1392 994 1451 1020 res
1476 995 1516 1019 11

131 1045 331 1081 Persarum
348 1043 456 1081 breui
477 1043 652 1083 adoleuit
671 1058 717 1081 ac
738 1052 875 1094 postea
895 1044 1054 1082 nomine
1076 1044 1273 1082 Numidae
1295 1055 1453 1095 propter

129 1107 415 1145 multitudinem
437 1121 461 1146 a
484 1108 710 1157 parentibus
738 1108 900 1158 digressi
923 1110 1135 1158 possedere
1158 1122 1206 1147 ea
1232 1111 1328 1156 loca,
1351 1124 1452 1159 quae

129 1183 315 1219 proxuma
344 1169 582 1221 Carthagine
616 1171 805 1209 Numidia
837 1173 1062 1222 appellatur.
1120 1171 1266 1211 deinde
1300 1173 1452 1223 utrique
1477 1188 1518 1212 12

128 1234 255 1273 alteris
284 1235 368 1273 freti
397 1235 596 1274 finitumos
625 1235 742 1274 armis
771 1244 838 1274 aut
867 1245 974 1275 metu
1003 1238 1076 1275 sub
1105 1236 1309 1286 imperium
1340 1251 1452 1276 suurn

129 1312 302 1349 coegere,
338 1313 483 1339 nomen
517 1299 758 1349 gloriamque
795 1300 870 1339 sibi
906 1301 1105 1348 addidere,
1140 1302 1263 1352 magis
1300 1302 1347 1348 ei,
1387 1302 1451 1352 qui

129 1365 178 1401 ad
207 1373 381 1402 nostrum
412 1377 518 1403 mare
547 1372 830 1414 processerant,
858 1363 949 1414 quia
977 1365 1121 1415 Libyes
1149 1379 1268 1415 quam
1298 1367 1454 1405 Gaetuli

130 1427 256 1466 minus
282 1429 468 1466 bellicosi.
525 1428 696 1479 denique
722 1429 876 1468 Africae
902 1442 990 1479 pars
1015 1429 1173 1468 inferior
1195 1432 1380 1480 pleraque
1403 1433 1453 1469 ab

132 1492 313 1531 Numidis
341 1506 521 1542 possessa
551 1500 634 1532 est:
672 1493 764 1531 uicti
796 1506 934 1533 omnes
967 1493 1007 1531 in
1037 1502 1195 1544 gentem
1227 1508 1453 1545 nomenque

130 1557 402 1607 imperantium
440 1571 680 1597 concessere.
739 1566 878 1608 postea
918 1560 1146 1606 PhoeniceS,
1183 1560 1247 1598 alii
1285 1561 1453 1599 multitu·
1475 1561 1530 1604 19

129 1621 230 1659 dinis
259 1622 367 1660 domi
396 1622 634 1661 minuendae
660 1624 792 1673 gratia,
814 1636 902 1673 pars
926 1623 1064 1673 imperi
1093 1624 1289 1674 cupidine,
1311 1624 1451 1662 sollici-

130 1694 209 1723 tata
247 1687 362 1734 plebe
406 1695 444 1725 et
485 1687 568 1726 aliis
612 1700 803 1725 nouarum
846 1701 973 1726 rerum
1018 1688 1156 1735 auidis,
1203 1689 1448 1738 Hipponem,

131 1752 432 1797 Hadrumetum,
480 1752 637 1800 Leptim
683 1752 856 1801 aliasque
902 1752 1007 1790 urbis
1052 1755 1091 1790 in
1135 1766 1204 1792 ora
1247 1753 1452 1791 marituma
1485 1802 1489 1804 .

129 1814 353 1861 condidere,
375 1828 524 1864 eaeque
545 1815 652 1853 breui
673 1817 840 1854 multum
860 1824 997 1855 auctae
1017 1830 1106 1866 pars
1133 1817 1347 1867 originibus
1373 1818 1451 1856 suis

64 1887 74 1895 ’
129 1880 336 1929 praesidio,
372 1880 470 1919 aliae
508 1880 640 1919 decori
677 1882 793 1919 fuere.
853 1894 944 1919 nam
982 1882 1033 1920 de
1066 1882 1303 1931 Carthagine
1341 1883 1451 1921 silere
1473 1898 1491 1921 2

129 1943 266 1982 melius
300 1951 396 1993 puto
428 1957 545 1993 quarn
578 1956 714 1993 parum
748 1944 888 1992 dicere,
919 1946 1106 1994 quoniam
1135 1946 1212 1984 alio
1245 1959 1451 1997 properare

129 2016 283 2057 tempus
311 2016 455 2047 monet.

127 2077 130 2078 ’
211 2072 331 2121 Igitur
355 2074 407 2110 ad
434 2072 736 2120 Catabathmon,
766 2073 832 2122 qui
859 2074 969 2112 locus
995 2075 1216 2124 Aegyptum
1245 2077 1295 2113 ab
1322 2075 1451 2114 Africa
1470 2091 1492 2126 3

129 2136 280 2183 diuidit,
302 2138 476 2175 secundo
502 2138 597 2175 mari
624 2137 748 2187 prima
775 2140 929 2188 Cyrene
955 2146 1025 2185 est,
1046 2140 1202 2178 colonia
1228 2141 1448 2187 Theraeon,

131 2213 176 2237 ac
197 2201 382 2250 deinceps
402 2202 505 2239 duae
528 2202 654 2251 Syrtes
679 2201 859 2250 interque
884 2215 949 2240 eas
971 2204 1115 2252 Leptis,
1138 2204 1282 2243 deinde
1304 2205 1449 2242 Philae-

132 2276 211 2301 non
249 2276 349 2309 arae,
388 2277 506 2313 quem
545 2265 674 2303 locum
714 2267 935 2315 Aegyptum
975 2279 1111 2304 uorsus
1148 2269 1265 2305 finem
1310 2268 1448 2316 imperi

538 2372 550 2390 Y
