1576 2433
89 86 200 125 xxxiv
315 87 437 124 THE
474 87 788 126 IUGURTJJA
833 87 911 125 Off
941 86 1210 125 SALLUST

195 442 494 473 VARIATIONS
528 442 663 474 FROM
692 442 922 484 JORDAN’S
953 443 1079 474 TEXT
1111 441 1211 484 (third
1234 441 1313 483 ed).

349 589 484 630 Jordan

140 653 166 673 1.
193 650 210 681 5
255 642 424 683 multaque

137 707 166 736 3·
197 707 206 727 1
255 697 322 736 [iis]
346 696 406 727 suit

137 763 166 789 4.
194 760 210 790 7
256 751 303 781 eis

121 815 165 835 10.
193 815 208 835 2
257 804 458 836 honorauisti

120 868 165 898 ¹4·
195 869 204 889 ι
254 857 412 889 adfinium
436 859 510 889 loco

192 923 231 950 24
255 913 365 944 uiuere

118 968 167 998 18.
191 977 210 1008 9
256 966 285 997 ei

116 1021 166 1050 28.
191 1029 207 1059 5
255 1026 338 1051 artes
363 1025 393 1051 et
418 1020 518 1052 animi

115 1084 165 1114 32.
193 1084 205 1104 1
253 1084 350 1115 saepe
374 1074 405 1105 in
413 1099 490 1106 ......

115 1136 166 1168 35.
196 1138 232 1159 10
254 1128 368 1158 urbem
381 1128 574 1159 —inuenerit

116 1191 168 1223 47.
194 1191 210 1212 2
257 1188 287 1213 et
315 1182 342 1213 si
369 1187 557 1223 paterentur
580 1193 697 1224 oppor-

307 1237 464 1268 tunitates

115 1299 165 1330 53.
191 1298 207 1329 5
254 1290 328 1321 fessi

114 1343 166 1383 67.
193 1355 209 1384 3
255 1353 309 1375 aut
337 1355 412 1376 casu

115 1409 165 1438 70.
191 1409 206 1429 2
254 1409 365 1429 carum

116 1461 166 1493 73.
193 1461 208 1493 7
254 1453 435 1494 paulo......

114 1562 165 1604 89.
192 1569 209 1601 7
254 1561 352 1602 idque
375 1561 420 1592 ibi
444 1565 479 1592 ut

253 1616 503 1657 qua—agebant

114 1680 165 1712 9²·
195 1681 205 1701 1
254 1670 464 1701 incommodo
471 1694 548 1701 ......

191 1735 208 1766 3
254 1726 347 1767 plura
351 1751 429 1757 ......

191 1781 210 1811 8
255 1779 435 1820 praecisum
442 1803 519 1812 .....

115 1843 166 1876 93.
192 1843 209 1874 3
256 1832 398 1864 faciundi
404 1856 482 1864 ......

115 1898 166 1930 94.
194 1899 205 1919 1
253 1898 271 1918 e
294 1887 447 1918 centuriis

114 1952 166 1985 95.
193 1953 210 1982 3
255 1946 288 1973 et
312 1941 438 1972 Latinis

254 1994 443 2026 doctissumi

115 2059 166 2092 97.
193 2059 209 2088 5
256 2050 395 2088 [ueteres
422 2047 579 2089 nouique]
585 2072 660 2079 ......
667 2052 699 2078 et

307 2103 350 2133 ob
374 2113 412 2132 ea

100 2167 168 2187 100.
191 2167 203 2187 1
250 2156 417 2197 [coeperat
432 2156 463 2186 in
476 2155 627 2194 hiberna]
634 2179 710 2186 ......

98 2275 167 2296 102.
196 2275 233 2305 14
257 2269 401 2295 actutum

981 588 1014 619 T
1008 588 1061 619 [τίς
1082 589 1203 620 edition

758 642 962 684 multumque

756 697 815 728 suit

756 750 807 781 his

756 802 933 835 onerauisti

755 857 787 888 in
812 857 970 888 adfinium
994 857 1104 888 locum

755 911 824 943 iure

754 957 789 996 hi

757 1025 841 1051 artes
864 1019 965 1051 animi

755 1076 886 1114 saepius

759 1130 767 1144 ⁴
775 1129 823 1158 url
829 1128 942 1159 ›em—i
948 1126 1094 1158 nuenerit
1100 1125 1110 1141 ’

757 1182 783 1213 si
807 1186 993 1223 paterentur
1016 1187 1048 1213 et
1071 1180 1325 1223 opportunitatis

757 1290 831 1320 sessi
855 1289 998 1331 laetique

757 1355 798 1375 an
823 1354 898 1375 casu

755 1399 879 1430 clarum

758 1452 857 1493 paulo
883 1457 959 1483 anle
985 1456 1117 1483 senalus
1144 1451 1273 1483 Metello
1297 1451 1418 1482 Numi-

797 1507 887 1537 diam

756 1560 789 1591 id
814 1560 923 1602 ibique
947 1566 978 1592 et

757 1616 1002 1656 quae—agebat

756 1669 968 1700 incommodo
991 1669 1117 1711 peregit

757 1725 850 1766 plura
872 1725 993 1755 deserta

758 1778 938 1819 praecisum
962 1788 999 1808 ea

755 1831 898 1862 faciundi
922 1831 1067 1862 animum
1092 1829 1191 1862 uortit

756 1886 919 1918 escensuri

757 1945 854 1981 atque
879 1939 1004 1971 Latinis

756 1994 955 2024 doctissume

757 2052 882 2078 ueteres
912 2046 1055 2088 nouique
1082 2046 1124 2077 ob
1151 2057 1189 2077 ea
1215 2056 1296 2087 quae
1318 2050 1419 2087 supra

801 2102 981 2132 memoranz'
1001 2111 1098 2141 aeque

756 2161 908 2196 coeperat
946 2156 980 2186 in
1016 2155 1153 2186 hiberna
1180 2151 1419 2196 pfigficiscilur:
1459 2146 1461 2149 Ι

800 2219 878 2238 nam

758 2273 796 2294 ac
819 2269 887 2294 tum
