1596 2495
373 73 462 109 DE
500 73 696 108 BELLO
735 73 845 109 απ]
856 74 1130 112 URTHJNO
1363 86 1411 122 37

90 172 277 222 quidnam
305 180 417 220 esset,
446 185 534 210 cum
561 180 698 210 natura
725 172 799 210 loci
826 180 909 210 tum
937 173 1030 211 dolo
1059 172 1132 222 ipsi
1160 181 1278 224 atque
1304 175 1413 224 signa

91 236 268 274 militaria
305 236 527 288 obscurati),
563 237 652 275 dein
689 236 795 274 breui
834 236 999 285 cognitis
1038 237 1186 276 insidiis
1220 240 1414 289 paulisper

89 315 229 351 agmen
274 301 483 340 constituit.
542 301 596 340 ibi
640 301 874 340 conmutatis
920 301 1124 340 ordinibus
1168 301 1206 340 in
1253 304 1412 342 dextero
1432 311 1454 345 6

91 368 218 412 latere,
258 367 366 415 quod
405 378 636 415 proxumum
677 365 799 404 hostis
838 375 929 412 erat,
970 365 1187 414 triplicibus
1232 366 1412 406 subsidiis

89 432 213 469 aciem
252 431 440 478 instruxit,
479 430 578 470 inter
617 430 839 480 manipulos
877 428 1091 468 funditores
1125 438 1164 469 et
1196 431 1412 480 sagittarios

89 495 278 545 dispertit,
307 496 523 545 equitatum
551 508 688 534 omnes
714 495 752 532 in
780 494 964 532 cornibus
991 495 1104 541 locat,
1134 508 1179 532 ac
1198 508 1324 544 pauca
1342 508 1412 544 pro

90 567 264 610 ternpore
285 560 427 599 milites
446 561 619 599 hortatus
639 560 774 605 aciem,
795 559 906 597 sicuti
926 559 1168 605 instruxerat,
1186 559 1412 598 transuorsis

90 625 287 674 principiis
320 624 360 662 in
394 626 554 675 planum
589 624 759 663 deducit.
819 624 889 662 sed
923 623 991 662 ubi
1027 624 1222 662 Numidas
1259 625 1413 674 quietos
1433 626 1493 671 50

91 702 216 738 neque
244 691 342 728 colle
372 691 531 740 degredi
557 688 847 735 animaduortit‚
873 688 1019 727 ueritus
1045 702 1093 727 ex
1118 691 1209 727 anni
1236 697 1412 739 tempore

89 762 127 792 et
165 754 298 803 inopia
335 767 471 803 aquae,
512 768 561 792 ne
599 754 660 792 siti
699 755 953 792 conficeretur
987 752 1188 800 exercitus,
1223 753 1411 792 Rutilium

89 819 257 868 legatum
287 832 374 856 cum
406 818 597 868 expeditis
625 818 852 857 cohortibus
882 825 920 857 et
954 826 1062 867 parte
1096 818 1275 868 equiturn
1308 832 1411 868 prae-

89 882 192 921 misit
218 885 269 922 ad
297 885 452 931 flumen,
482 884 537 922 uti
563 885 693 922 locum
720 884 854 923 castris
884 892 1144 932 antecaperet,
1176 883 1412 922 existumans

90 949 210 986 hostis
257 950 393 987 crebro
436 950 585 999 impetu
629 957 667 988 et
710 948 942 987 transuorsis
987 947 1142 997 proeliis
1185 947 1257 986 iter
1299 961 1411 986 suum

89 1020 347 1050 remoraturos
374 1020 421 1058 et,
451 1013 638 1062 quoniam
666 1012 781 1052 armis
808 1012 1040 1059 diffiderent,
1073 1011 1344 1050 lassitudinem
1373 1020 1411 1050 et

89 1076 192 1115 sitim
214 1077 379 1115 militum
401 1086 671 1127 temptaturos.
731 1078 876 1116 deinde
901 1077 985 1127 ipse
1013 1091 1082 1126 pro
1108 1091 1148 1115 re
1175 1086 1291 1126 atque
1312 1079 1411 1123 loco,
1434 1097 1451 1120 2

89 1142 199 1180 sicuti
222 1150 358 1181 monte
378 1143 646 1191 descenderat,
670 1144 859 1192 paulatim
880 1143 1106 1192 procedere,
1130 1143 1298 1180 Marium
1324 1149 1412 1191 post

90 1205 278 1256 principia
297 1207 452 1253 habere,
473 1206 557 1256 ipse
577 1220 667 1244 curn
688 1206 863 1244 sinistrae
889 1207 972 1244 alae
1000 1206 1196 1255 equitibus
1222 1219 1317 1251 esse,
1345 1205 1412 1254 qui

89 1269 128 1306 in
147 1270 300 1319 agmine
322 1270 516 1319 principes
537 1271 627 1308 facti
647 1279 768 1309 erant.
826 1278 865 1308 at
887 1271 1083 1320 Iugurtha,
1107 1269 1173 1308 ubi
1197 1277 1411 1307 extremum
1432 1283 1453 1317 3

88 1347 228 1382 agmen
252 1335 402 1373 Metelli
426 1336 571 1384 primos
597 1348 688 1373 suos
716 1343 1042 1384 praetergressum
1069 1333 1189 1381 uidet,
1216 1333 1412 1384 praesidio

89 1397 199 1446 quasi
220 1399 341 1435 duum
363 1400 512 1436 milium
533 1398 706 1447 peditum
729 1406 902 1437 montem
925 1405 1101 1447 occupat,
1124 1411 1203 1447 qua
1228 1399 1412 1436 Metellus

89 1463 355 1509 descenderat,
378 1475 427 1501 ne
446 1463 545 1501 forte
565 1463 796 1501 cedentibus
816 1461 1045 1501 aduorsariis
1065 1461 1239 1510 receptui
1259 1475 1304 1499 ac
1323 1469 1412 1511 post

90 1526 333 1565 munimento
363 1529 471 1565 foret.
530 1527 621 1564 dein
650 1535 809 1576 repente
839 1527 949 1576 signo
978 1527 1072 1563 dato
1099 1525 1221 1563 hostis
1248 1525 1408 1564 inuadit.

90 1591 286 1629 Numidae
312 1591 376 1629 alii
401 1599 621 1641 postremos
648 1592 822 1638 caedere,
854 1603 942 1639 pars
971 1603 994 1628 a
1023 1589 1176 1627 sinistra
1204 1602 1249 1626 ac
1278 1590 1412 1627 dextra
1431 1602 1454 1632 4

90 1664 288 1705 temptare,
320 1656 460 1694 infensi
488 1658 626 1694 adesse
655 1663 772 1705 atque
801 1655 953 1700 instare,
990 1655 1172 1692 omnibus
1206 1654 1301 1692 locis
1335 1656 1413 1692 Ro-

91 1733 291 1758 manorum
314 1720 470 1758 ordines
490 1721 734 1766 conturbare,
757 1732 922 1768 quorum
944 1719 1060 1756 etiam
1084 1718 1151 1766 qui
1180 1718 1410 1756 firmioribus

89 1784 226 1822 animis
248 1783 354 1821 obuii
383 1783 560 1821 hostibus
586 1785 748 1826 fuerant,
776 1782 964 1820 ludificati
992 1782 1138 1819 incerto
1168 1783 1314 1829 proelio
1341 1781 1412 1831 ipsi

91 1850 210 1886 modo
257 1848 408 1886 eminus
452 1847 736 1893 sauciabantur,
782 1860 912 1896 neque
956 1854 1092 1884 contra
1135 1846 1302 1884 feriundi
1345 1856 1412 1884 aut

89 1913 325 1951 conserundi
347 1925 504 1949 manum
525 1911 640 1960 copia
660 1918 763 1950 erat:
792 1919 883 1949 ante
909 1910 986 1947 iam
1014 1911 1121 1948 docti
1149 1912 1198 1948 ab
1227 1911 1413 1961 Iugurtha
1433 1923 1452 1958 5

90 1977 249 2027 equites,
296 1977 363 2015 ubi
407 1978 679 2014 Romanorum
723 1983 849 2014 turma
893 1975 1045 2024 insequi
1089 1983 1283 2024 coeperat,
1331 1988 1410 2014 non

90 2042 293 2080 confertim
324 2054 452 2090 neque
480 2040 520 2078 in
548 2053 671 2077 unum
701 2053 785 2078 sese
815 2038 1067 2088 recipiebant,
1102 2040 1172 2077 sed
1205 2039 1304 2077 alius
1337 2039 1414 2076 alio

91 2119 208 2155 quam
237 2117 417 2143 maxume
446 2103 602 2142 diuorsi.
660 2103 714 2142 ita
747 2115 912 2141 numero
944 2101 1103 2152 prioreS‚
1138 2101 1171 2140 si
1203 2104 1252 2140 ab
1287 2107 1456 2151 perse-6

91 2170 249 2218 quendo
269 2168 391 2207 hostis
411 2169 603 2206 deterrere
630 2167 899 2216 nequiuerant,
927 2166 1111 2205 disiectos
1138 2168 1187 2204 ab
1215 2174 1322 2215 tergo
1348 2175 1414 2204 aut

92 2233 275 2270 lateribus
313 2230 673 2270 circumueniebant
688 2245 698 2278 ;
745 2230 803 2268 sin
849 2230 1106 2281 opportunior
1148 2232 1261 2280 fugae
1305 2230 1416 2267 collis
