1596 2495
178 108 226 154 36
540 106 578 143 c.
625 106 691 141 SA
701 106 915 142 [Lacr]
952 105 1150 143 CA’JSPI

136 223 156 259 3
176 208 387 246 antciicnit.
447 215 527 245 erat
556 208 595 244 in
625 221 671 246 ea
701 216 807 257 parte
840 208 1062 254 Numidiae,
1094 223 1212 258 quam
1244 210 1442 248 Adherbal
1470 208 1508 246 in

176 272 368 310 diuisione
413 273 651 321 possederat,
693 273 840 311 flumen
890 274 1018 311 oriens
1066 287 1088 312 a
1131 274 1303 319 meridie,
1349 273 1508 311 nomine

178 338 346 384 Muthul,
383 351 405 375 a
439 350 519 386 quo
552 338 685 375 aberat
720 350 833 375 mous
870 339 989 375 ferme
1019 337 1126 375 milia
1154 351 1340 387 passuum
1372 337 1508 387 uiginti

177 408 301 438 tractu
324 400 416 449 pari,
445 407 580 439 uastus
607 403 657 439 ab
685 408 822 438 natura
849 408 889 439 ct
915 402 1088 440 humano
1114 403 1233 439 cultu.
1292 402 1361 440 sed
1389 414 1436 440 ex
1462 415 1510 440 eo

178 465 308 504 medio
336 465 446 515 quasi
474 465 584 503 collis
615 466 813 503 oriebatur
842 465 881 502 in
909 465 1131 503 inmensum
1159 464 1395 515 pertingens,
1428 478 1510 503 ues—

178 533 269 570 titus
298 533 466 570 oleastro
493 544 539 569 ac
564 530 740 569 murtetis
765 529 929 579 aliisque
955 529 1161 579 generibus
1189 531 1382 576 arborum,
1409 541 1510 578 quac

135 609 159 643 4
179 596 287 634 humi
307 596 418 635 arido
444 603 563 645 atque
590 597 783 634 harenoso
809 595 1029 645 gignuntur.
1088 594 1219 633 media
1240 602 1370 633 autem
1392 593 1511 643 plani-

178 663 251 700 ties
277 662 431 700 deserta
450 660 613 710 penuria
639 673 775 710 aquae,
798 668 952 710 praeter
977 659 1128 697 flumini
1155 658 1376 709 propinqua
1402 659 1510 696 loca:

178 740 225 766 ea
244 727 397 766 consita
421 726 588 765 arbustis
609 738 751 776 pecore
772 733 890 775 atque
911 725 1125 764 cultoribus
1152 725 1508 774 frequentabantur.

99 790 159 834 49
179 793 292 842 igitur
337 792 376 829 in
421 804 470 830 eo
514 792 626 836 colle,
672 803 790 840 quem
838 797 1062 827 transuorso
1106 788 1244 827 itinere
1288 796 1511 837 porrectum

179 856 398 904 docuimus,
436 857 625 906 Iugurtha
659 862 868 894 extenuata
903 867 1060 892 suorum
1095 853 1178 891 acie
1213 852 1404 898 consedit,
1439 853 1513 890 ele-

180 922 336 972 phantis
360 929 399 960 et
427 921 527 971 parti
557 920 756 971 copiarum
779 920 1018 969 pedestrium
1045 919 1303 956 Bomilcarem
1330 917 1514 967 praefecit

182 999 351 1036 eumque
384 987 527 1024 edocet
561 997 663 1033 quae
696 993 836 1034 ageret.
896 985 980 1033 ipse
1013 982 1172 1033 propior
1209 989 1384 1021 montem
1424 995 1513 1020 cum

142 1063 160 1087 2
182 1051 289 1089 omni
323 1050 498 1100 equitatu
537 1056 575 1087 et
613 1049 809 1099 peditibus
849 1048 1010 1087 delectis
1045 1061 1135 1086 suos
1171 1049 1364 1085 conlocat.
1422 1046 1514 1085 dein

183 1116 351 1166 singulas
399 1123 545 1153 turmas
594 1122 632 1153 et
674 1113 899 1162 manipulos
943 1112 1175 1151 circumiens
1219 1119 1354 1151 monet
1397 1119 1514 1161 atque

183 1183 402 1220 obtestatur
431 1181 486 1218 uti
521 1192 714 1218 memores
748 1178 932 1227 pristinae
967 1177 1118 1215 uirtutis
1148 1184 1185 1215 et
1215 1176 1400 1215 uictoriae
1430 1189 1515 1214 sese

185 1258 427 1296 regnumque
448 1257 560 1282 suum
589 1245 638 1282 ab
667 1245 939 1281 Romanorum
967 1241 1129 1280 auaritia
1157 1242 1395 1279 defendant:
1425 1252 1513 1277 cum

185 1311 240 1349 eis
269 1317 466 1349 certamen
495 1310 587 1354 fore,
620 1321 717 1357 quos
748 1315 863 1345 antea
892 1306 1016 1343 uictos
1047 1304 1120 1343 sub
1150 1304 1282 1353 iugum
1317 1303 1516 1351 miserint3

186 1376 327 1414 ducem
363 1373 446 1419 illis,
483 1386 563 1411 non
597 1372 771 1410 animum
807 1378 1023 1417 mutatum3
1059 1382 1160 1419 quae
1194 1370 1245 1407 ab
1283 1368 1516 1418 imperatore

186 1439 389 1477 decuerint
423 1437 555 1476 onmia
589 1437 665 1475 suis
699 1435 865 1486 prouisa,
901 1436 1032 1473 locum
1068 1433 1317 1483 superiorem,
1353 1440 1396 1470 ut
1433 1445 1512 1481 pru-

187 1505 326 1542 dentes
356 1516 444 1541 eum
472 1501 658 1552 inperitis,
686 1514 735 1540 ne
763 1500 966 1550 pauciores
992 1511 1081 1536 cum
1109 1497 1284 1547 pluribus
1311 1504 1376 1534 aut
1402 1497 1517 1534 rudes

147 1584 168 1619 3
188 1582 278 1607 cum
313 1568 405 1607 belli
438 1567 663 1606 melioribus
697 1578 856 1603 manum
892 1570 1167 1602 consererent:
1202 1561 1366 1610 proinde
1396 1561 1516 1609 parati

189 1632 406 1681 intentique
427 1638 556 1669 essent
577 1630 687 1680 signo
709 1630 802 1667 dato
823 1631 1028 1666 Romanos
1048 1625 1236 1663 inuadere
1252 1640 1261 1671 3
1282 1624 1391 1661 illum
1412 1623 1516 1661 diem

191 1705 257 1735 aut
291 1695 418 1734 omnis
453 1696 607 1733 labores
640 1702 678 1732 et
711 1691 893 1731 uictorias
927 1691 1245 1728 confirmaturum
1283 1695 1350 1726 aut
1387 1700 1519 1725 maxu-

149 1775 341 1809 4marum
386 1773 655 1799 aerumnarum
700 1758 851 1796 initium
898 1758 990 1794 fore.
1049 1756 1100 1793 ad
1145 1755 1221 1792 hoc
1264 1752 1417 1798 uiritim,
1463 1751 1519 1790 uti
1560 1766 1565 1771 ·

194 1839 390 1876 quemque
410 1826 461 1864 ob
487 1825 652 1863 militare
679 1823 828 1861 facinus
856 1819 1024 1871 pecunia
1051 1827 1116 1856 aut
1143 1819 1293 1856 honore
1319 1817 1518 1861 extulerat,

194 1892 518 1930 conmonefacere
552 1888 708 1927 benifici
742 1887 800 1925 sui
835 1894 872 1924 et
906 1897 995 1924 eum
1030 1883 1158 1932 ipsum
1192 1881 1277 1919 aliis
1310 1888 1517 1927 ostentare,

195 1963 394 2005 postremo
415 1962 491 2002 pro
520 1954 709 2002 cuiusque
739 1951 896 2001 ingenio
927 1949 1161 1999 pollicendo,
1193 1947 1424 1991 minitando,
1455 1946 1521 1984 ob-

198 2020 391 2065 testando,
413 2019 533 2055 aliurn
557 2017 635 2054 alio
661 2016 782 2053 modo
809 2015 999 2052 excitare:
1028 2025 1119 2050 cum
1145 2010 1297 2049 interim
1323 2011 1518 2055 Metellus,

199 2084 353 2133 ignarus
400 2083 581 2128 hostium,
625 2087 760 2118 monte
803 2078 1033 2128 degrediens
1081 2089 1170 2114 cum
1213 2075 1383 2113 exercitu
1431 2087 1521 2112 con-

159 2159 178 2195 5
201 2149 378 2197 splcatur.
437 2147 564 2196 primo
608 2145 749 2183 dubius
793 2143 979 2193 quidnam
1029 2140 1184 2179 insolita
1230 2139 1348 2177 facies
1395 2146 1522 2177 osten·
1568 2152 1570 2155 ·

201 2214 310 2251 deret
344 2212 449 2260 (nam
483 2212 583 2248 inter
615 2209 781 2258 uirgulta
814 2209 903 2256 equi
938 2205 1212 2254 Numidaeque
1250 2205 1521 2250 consederant,

202 2290 329 2325 neque
357 2272 683 2326 plane'occultati
710 2273 929 2311 humilitate
955 2271 1133 2309 arborum
1163 2276 1199 2307 et
1227 2276 1356 2307 tamen
1387 2267 1522 2306 incerti
