1596 2495
159 111 208 146 80
521 110 561 147 C.
603 109 897 147 SALLUSTJ
934 108 1131 146 CleJSPJ

117 230 137 265 3
158 214 199 253 id
247 214 495 259 inminutum,
542 214 650 263 quod
698 213 815 251 ceteri
863 213 997 252 dolere
1044 214 1183 259 solent,
1232 226 1304 262 ego
1351 213 1485 251 laetor.

160 279 271 318 fuerit
319 280 413 317 mihi
461 279 614 329 eguisse
661 278 875 328 aliquando
922 278 1088 328 pretium
1137 287 1227 316 tuae
1281 278 1487 324 amicitiae,

116 358 237 393 4qua
274 344 378 393 apud
420 356 550 381 meum
589 341 764 380 animum
804 341 900 379 nihil
939 342 1063 380 carius
1101 342 1241 380 habeo.
1310 340 1351 379 id
1388 341 1490 379 adeo

160 408 322 458 experiri
357 408 473 447 licet:
507 420 627 453 arma,
662 406 777 452 uiros,
814 406 1034 455 pecuniam,
1067 414 1267 456 postremo
1297 404 1490 455 quidquid

159 473 291 512 animo
322 473 429 511 lubet
459 485 583 517 sume,
614 479 732 517 utere,
765 478 814 517 et,
846 471 980 520 quoad
1012 470 1133 517 uiues,
1165 483 1379 518 numquam
1419 468 1489 507 tibi

160 538 352 578 redditam
400 537 561 586 gratiam
611 535 832 586 putaueris:
882 548 1037 585 semper
1082 536 1188 585 apud
1233 548 1296 573 me
1340 534 1491 584 integra

119 616 138 654 5
161 604 258 651 erit;
304 603 475 652 denique
521 602 617 640 nihil
661 615 725 640 me
763 600 911 639 sciente
950 602 1087 639 frustra
1125 601 1244 639 uoles.
1304 613 1409 647 nam,
1448 606 1489 637 ut

160 682 234 718 ego
262 676 450 715 aestumo,
479 680 608 717 regem
639 665 755 705 armis
783 679 901 716 quam
930 665 1196 704 munificentia
1227 663 1332 703 uinci
1361 665 1490 702 minus

118 743 140 777 6
162 734 395 783 flagitiosum
442 740 511 771 est.
582 740 754 770 ceterum
803 732 853 770 de
898 744 939 769 re
987 730 1145 780 publica
1191 738 1332 777 uostra‚
1381 730 1490 768 cuius

162 806 315 836 curator
343 798 419 835 huc
449 796 590 835 missus
619 810 672 841 es,
694 795 827 845 paucis
857 795 1004 845 accipe.
1063 795 1209 833 bellum
1238 808 1312 845 ego
1342 796 1489 844 populo

164 865 348 900 Romano
377 874 507 911 neque
536 860 609 899 feci
639 873 767 910 neque
798 861 941 898 factum
972 873 1156 909 umquam
1187 859 1308 906 uolui,
1335 866 1374 897 at
1404 858 1490 897 finis

120 939 139 976 7
162 941 271 965 meos
310 927 519 965 aduorsum
559 933 730 963 armatos
768 924 884 963 armis
921 931 1069 962 tutatus
1108 937 1205 962 sum.
1263 924 1303 962 id
1337 923 1488 972 omitto,

162 993 324 1042 quando
354 991 468 1030 uobis
498 990 552 1029 ita
577 991 715 1040 placet.
774 989 894 1040 gerite
922 990 1030 1039 quod
1054 988 1172 1027 uoltis
1192 1002 1281 1026 cum
1304 989 1491 1038 Iugurtha

119 1065 141 1100 8
160 1058 319 1096 bellum.
380 1069 452 1106 ego
478 1055 626 1094 flumen
655 1056 923 1100 Muluccham,
946 1055 1054 1103 quod
1081 1053 1181 1092 inter
1208 1066 1272 1092 me
1291 1061 1330 1092 et
1352 1053 1491 1103 Micip-

161 1137 243 1162 sam
272 1122 355 1169 fuit,
377 1135 457 1160 non
488 1122 674 1171 egrediar,
696 1134 825 1170 neque
855 1120 894 1158 id
924 1120 1066 1158 intrare
1096 1120 1323 1169 Iugurtham
1351 1119 1487 1157 sinam.

161 1195 360 1238 praeterea
389 1187 517 1237 siquid
548 1199 691 1236 meque
720 1185 913 1235 uobisque
946 1185 1110 1235 dignum
1148 1183 1344 1234 petiueris,
1384 1184 1491 1222 haud

161 1254 335 1303 repulsus
364 1251 514 1290 abibis)

56 1322 139 1366 111
230 1318 305 1365 ,Ad
332 1330 379 1355 ea
405 1318 510 1355 Sulla
533 1329 604 1366 pro
631 1328 672 1353 se
698 1315 867 1354 breuiter
893 1322 931 1353 et
951 1313 1118 1358 modice,
1138 1315 1188 1352 de
1209 1327 1308 1363 pace
1328 1322 1366 1352 et
1386 1326 1491 1351 com—

162 1383 345 1421 munibus
383 1383 497 1420 rebus
536 1381 668 1419 multis
717 1381 907 1419 disseruit.
967 1381 1138 1430 denique
1177 1380 1256 1429 regi
1294 1380 1488 1429 patefecit,

161 1449 269 1497 quod
290 1447 555 1497 polliceretur,
573 1453 751 1484 senatum
773 1453 810 1484 et
830 1447 1023 1495 populum
1045 1447 1284 1491 Romanum,
1303 1444 1489 1494 quoniam

161 1512 277 1550 armis
308 1512 475 1561 amplius
507 1509 732 1557 ualuissent,
763 1522 844 1547 non
873 1509 913 1547 in
944 1510 1107 1559 gratiam
1137 1509 1364 1547 habituros:
1402 1508 1491 1547 faci-

162 1577 314 1614 undum
343 1575 379 1614 ei
407 1574 569 1624 aliquid,
596 1575 703 1624 quod
733 1574 887 1612 illorum
918 1574 1040 1624 magis
1071 1587 1190 1623 quam
1218 1587 1287 1612 sua
1314 1574 1490 1613 retulisse

162 1644 368 1680 uideretur.
427 1640 466 1679 id
506 1641 608 1679 adeo
646 1639 686 1677 in
730 1646 916 1689 promptu
963 1652 1060 1685 esse,
1100 1639 1287 1688 quoniam
1335 1638 1489 1688 copiam

164 1707 376 1755 Iugurthae
405 1706 593 1752 haberet3
640 1718 758 1754 quem
789 1705 820 1742 si
852 1703 1043 1742 Romanis
1072 1704 1307 1751 tradidisset,
1338 1705 1419 1742 fore
1448 1712 1490 1741 ut

161 1771 216 1808 illi
263 1772 486 1820 plurumum
533 1771 768 1817 deberetur3
815 1768 1038 1814 amicitiam,
1087 1769 1236 1816 foedus,
1277 1768 1489 1807 Numidiae

122 1852 141 1876 2
163 1844 325 1886 partem,
359 1848 477 1885 quam
509 1848 613 1873 nunc
652 1841 812 1885 peteret,
844 1841 927 1871 tum
960 1834 1061 1872 ultro
1099 1833 1365 1871 aduenturam.
1425 1846 1490 1871 rex

163 1901 288 1950 primo
309 1901 504 1951 negitare:
535 1899 823 1950 cognationem,
845 1897 1103 1946 adfinitatem,
1125 1906 1325 1948 praeterea
1350 1898 1489 1936 foedus

162 1965 428 2003 interuenisse.
478 1965 529 2003 ad
549 1965 625 2003 hoc.
646 1971 820 2002 metuere
841 1976 890 2002 ne
911 1963 1013 2000 fluxa
1033 1963 1111 2001 fide
1131 1975 1223 2000 usus
1244 1960 1489 2011 popularium

161 2029 313 2067 animos
340 2036 545 2075 auorteret‚
568 2042 655 2078 quis
685 2037 722 2067 et
753 2028 939 2078 Iugurtha
967 2040 1076 2065 carus
1106 2034 1145 2065 et
1175 2025 1347 2065 Romani
1375 2025 1490 2064 inuisi

120 2103 141 2139 3
162 2103 281 2133 erant.
340 2094 512 2143 denique
546 2094 702 2143 saepius
733 2093 916 2142 fatigatus
949 2093 1092 2131 lenitur
1130 2099 1167 2130 et
1202 2104 1249 2129 ex
1286 2091 1490 2129 uoluntate

119 2160 291 2204 4Sullae
332 2159 465 2196 omnia
504 2170 545 2196 se
585 2159 776 2195 facturum
818 2155 1032 2207 promittit:
1074 2163 1248 2194 ceterum
1286 2155 1338 2193 ad
1376 2154 1491 2193 simu·
1534 2162 1537 2164 ’

162 2224 319 2260 landam
373 2235 525 2271 pacem,
574 2223 685 2260 cuius
739 2221 914 2260 Numida
967 2221 1141 2259 defessus
1195 2220 1299 2258 bello
1351 2219 1491 2257 auidis-

163 2299 297 2325 sumus
323 2294 414 2333 erat,
437 2299 537 2336 quae
558 2285 665 2324 utilia
685 2285 768 2323 uisa
788 2285 1039 2324 constituunt.
1097 2284 1150 2323 ita
1170 2283 1377 2334 conposito
1397 2284 1490 2322 dolo
