1596 2495
386 85 475 121 DE
515 84 710 121 BELLO
747 82 1144 121 IUGURTHJNO
1379 89 1426 126 45

99 187 268 226 discedit
300 195 338 225 et
367 186 406 224 in
436 186 490 224 eis
519 185 690 230 urbibus
722 196 822 233 quae
850 183 903 220 ad
932 195 973 220 se
1004 183 1227 220 defecerant
1257 179 1429 228 satisque

100 252 273 290 munitae
288 253 376 290 loco
392 258 459 288 aut
475 251 682 287 moenibus
699 256 817 294 erant,
833 247 1026 297 praesidia
1041 247 1205 296 inponit.
1256 253 1427 283 ceterum
1451 257 1468 280 2

100 316 312 355 exercitum
355 315 394 353 in
436 313 691 364 prouinciam,
733 326 833 363 quae
876 324 1066 362 proxuma
1108 318 1165 349 est
1205 309 1428 354 Numidiae,

100 380 300 419 hiemandi
337 380 459 430 gratia
497 380 690 417 conlocat.
749 390 879 426 neque
917 376 956 414 id
996 373 1152 425 tempus
1186 389 1233 414 ex
1265 375 1427 412 aliorum
1449 387 1470 422 3

101 458 209 483 more
253 443 372 493 quieti
416 450 482 481 aut
527 442 699 480 luxuriae
741 441 936 488 concedit,
978 442 1047 479 sed
1086 440 1273 490 quoniam
1312 439 1429 477 armis

103 511 248 547 bellum
276 521 414 559 parum
438 508 688 557 procedebat,
715 506 874 544 insidias
899 505 977 554 regi
1004 518 1073 554 per
1095 505 1244 542 amicos
1269 506 1430 543 tendere

103 581 141 612 et
168 587 301 612 eorum
326 572 490 622 perfidia
516 585 586 622 pro
610 570 726 609 armis
753 571 809 608 uti
836 578 956 619 parat.
1015 569 1130 620 igitur
1157 569 1427 615 Bomilcarem,
1449 583 1473 616 4

102 638 169 687 qui
199 640 352 676 Romae
380 650 471 675 curn
502 637 690 685 Iugurtha
717 636 840 673 fuerat
869 643 908 673 et
936 635 1028 673 inde
1059 634 1225 672 uadibus
1255 634 1355 672 datis
1381 635 1432 672 de

105 702 301 741 Massiuae
339 714 436 740 nece
474 701 661 739 iudicium
700 702 859 750 fugerat,
893 702 1001 749 quod
1035 699 1070 737 ei
1108 712 1176 749 per
1209 712 1431 736 maxumam

102 767 312 806 amicitiam
355 780 536 804 maxuma
577 766 691 816 copia
735 765 900 803 fallundi
939 774 1032 810 erat,
1072 765 1204 802 multis
1244 764 1432 813 pollicita-

103 833 274 872 tionibus
300 832 530 882 aggreditur.
589 844 634 869 ac
658 831 786 880 primo
811 830 927 869 efficit
952 830 1008 868 uti
1031 831 1081 868 ad
1102 843 1143 869 se
1164 829 1431 879 conloquendi
1451 841 1470 879 5

103 899 224 949 gratia
243 899 419 937 occultus
439 896 581 943 ueniat,
606 896 749 934 deinde
769 896 846 934 fide
867 897 969 940 data,
992 895 1023 933 si
1046 897 1275 945 Iugurtham
1297 895 1430 932 uiuom

104 973 170 1001 aut
195 970 376 1001 necatum
404 961 477 999 sibi
498 961 730 1007 tradidisset,
754 962 835 998 fore
856 970 896 997 ut
918 960 971 997 illi
993 970 1150 998 senatus
1171 960 1430 1009 inpunitatem

104 1036 142 1067 et
173 1040 242 1066 sua
275 1027 408 1065 onmia
442 1027 688 1073 concederet,
722 1025 834 1063 facile
870 1025 1066 1063 Numidae
1100 1027 1307 1074 persuadet
1342 1038 1431 1063 cum

105 1092 263 1142 ingenio
282 1092 405 1130 infido
426 1100 507 1130 turn
530 1093 719 1129 metuenti
740 1104 800 1136 ne,
824 1090 855 1128 si
880 1103 956 1139 pax
982 1103 1069 1128 cum
1097 1090 1290 1128 Romanis
1311 1091 1430 1137 fieret,

106 1157 188 1207 ipse
232 1170 300 1207 per
342 1156 595 1195 condiciones
634 1157 684 1193 ad
723 1155 960 1205 supplicium
1000 1157 1223 1194 traderetur.
1284 1156 1326 1202 is,
1366 1156 1432 1194 ubi
1452 1153 1509 1195 62

106 1220 271 1270 primum
294 1229 560 1271 opportunum
581 1219 662 1266 fuit,
686 1221 916 1269 Iugurtham
937 1220 1096 1258 anxium
1117 1234 1162 1259 ac
1183 1221 1432 1259 miserantem

106 1287 280 1324 fortunas
308 1299 397 1323 suas
425 1285 593 1324 adcedit.
652 1294 787 1323 monet
817 1293 933 1334 atque
966 1287 1186 1324 lacrumans
1216 1287 1433 1323 obtestatur

107 1350 163 1388 uti
191 1350 404 1399 aliquando
434 1350 507 1388 sibi
536 1349 745 1398 liberisque
774 1357 812 1387 et
841 1349 947 1398 genti
978 1348 1240 1387 Numidarum
1271 1357 1433 1398 optume

107 1414 267 1452 meritae
305 1414 535 1463 prouideat:
583 1415 766 1453 omnibus
804 1414 961 1463 proeliis
1001 1427 1086 1452 sese
1123 1414 1259 1460 uictos,
1301 1427 1433 1464 agrum

107 1485 313 1524 uastatum,
341 1480 484 1516 multos
514 1479 688 1517 mortalis
716 1486 853 1527 captos
883 1478 1047 1525 occisos,
1076 1478 1183 1528 regni
1213 1491 1311 1528 opes
1340 1492 1432 1516 con-

107 1544 275 1580 minutas
295 1556 391 1591 esse,
407 1543 499 1582 satis
520 1556 637 1593 saepe
658 1543 734 1580 iam
751 1551 788 1580 et
805 1542 986 1581 uirtutem
1004 1541 1170 1580 militum
1187 1552 1224 1581 et
1241 1545 1433 1581 fortunam

109 1615 364 1656 temptatam:
403 1615 540 1645 caueat
574 1621 623 1645 ne
658 1607 725 1645 illo
759 1614 972 1646 cunctante
1007 1607 1204 1646 Numidae
1238 1607 1310 1646 sibi
1344 1621 1435 1646 con-

109 1673 247 1709 sulant.
305 1671 364 1710 his
392 1680 508 1720 atque
533 1672 675 1710 talibus
699 1672 782 1709 aliis
806 1673 858 1710 ad
878 1671 1121 1710 deditionem
1143 1672 1239 1722 regis
1259 1673 1432 1710 animum
1456 1687 1474 1710 2

109 1734 271 1784 inpellit.
330 1735 537 1773 mittuntur
564 1736 615 1773 ad
643 1735 918 1785 imperatorem
950 1737 1077 1786 legati,
1108 1737 1175 1786 qui
1205 1739 1434 1786 Iugurtham
1454 1752 1475 1787 3

110 1800 298 1849 imperata
338 1802 529 1838 facturum
573 1800 747 1839 dicerent
788 1814 834 1838 ac
876 1801 959 1839 sine
1001 1802 1080 1838 ulla
1122 1802 1306 1850 pactione
1351 1815 1435 1840 sese

109 1877 351 1914 regnumque
376 1877 489 1902 suum
516 1864 556 1902 in
582 1864 682 1902 illius
704 1866 823 1903 fidem
845 1866 1006 1903 tradere.
1068 1867 1251 1904 Metellus
1272 1879 1436 1916 propere
1454 1879 1477 1912 4

109 1936 274 1967 cunctos
303 1927 485 1967 senatorii
515 1930 661 1968 ordinis
691 1943 738 1968 ex
763 1931 935 1969 hibernis
961 1932 1107 1969 accersi
1133 1931 1265 1970 iubet:
1301 1945 1434 1970 eorum

111 2000 150 2031 et
187 1992 362 2039 aliorum,
398 2006 498 2042 quos
536 1994 700 2032 idoneos
739 1995 920 2041 ducebat,
957 1994 1164 2033 consilium
1198 1996 1325 2034 habet.
1384 1997 1436 2033 ita
1455 2011 1474 2049 5

112 2071 219 2096 more
257 2057 446 2096 maiorum
486 2071 532 2096 ex
570 2059 709 2097 consili
746 2060 905 2097 decreto
940 2072 1009 2108 per
1041 2061 1190 2110 legatos
1226 2062 1437 2109 Iugurthae

111 2122 276 2171 imperat
309 2122 457 2171 argenti
495 2124 631 2171 pondo
670 2124 839 2175 glucenta
877 2123 995 2170 milia,
1027 2125 1258 2173 elephantos
1297 2125 1435 2172 omnis,

112 2197 302 2234 equorum
340 2193 379 2223 et
415 2198 611 2224 armorum
650 2186 904 2235 aliquantum.
969 2200 1069 2236 quae
1107 2195 1316 2237 postquam
1354 2188 1478 2226 sine6

114 2262 223 2287 mora
265 2251 367 2285 facta
409 2258 509 2297 sunt,
549 2250 658 2288 iubet
699 2251 827 2289 omnis
869 2252 1048 2302 perfugas
1088 2252 1241 2291 uinctos
1279 2252 1434 2290 adduci.
