1596 2495
405 67 490 105 DE
529 66 726 104 BELLO
762 67 1162 105 IUGURTHJNO
1401 83 1446 120 25

123 171 347 211 seruitutem
370 171 531 221 quidem
561 170 646 220 quis
673 177 848 208 uostrum
877 182 1056 208 recusare
1076 171 1276 209 audebat?
1332 180 1448 222 atque
1471 189 1515 214 21

122 248 206 286 ego,
229 235 384 274 tametsi
404 235 487 273 uiro
508 233 868 284 flagitiosissumum
889 234 1083 272 existumo
1103 233 1251 284 inpune
1271 235 1448 275 iniuriam

122 299 331 349 accepisse,
361 306 494 337 tamen
524 311 596 337 uos
625 297 852 336 hominibus
881 297 1201 336 sceleratissumis
1235 298 1447 349 ignoscere,

122 363 306 413 quoniam
328 364 434 401 ciues
454 371 555 410 sunt,
577 376 704 413 aequo
724 362 856 401 animo
875 369 1038 413 paterer,
1060 362 1100 400 ni
1120 362 1384 402 misericordia
1410 365 1448 403 in

121 427 333 477 perniciem
353 440 488 467 casura
509 435 619 466 esset.
678 439 769 465 nam
792 434 830 465 et
851 426 936 475 illis,
953 434 1144 477 quantum
1159 427 1450 477 inportunitatis
1473 442 1517 466 22

121 493 278 539 habent,
301 505 437 542 parum
459 499 517 530 est
538 492 687 542 inpune
707 492 809 530 male
829 491 978 538 fecisse,
1005 491 1079 529 nisi
1106 491 1252 530 deinde
1278 492 1450 532 faciundi

121 557 278 596 licentia
298 557 468 606 eripitur,
490 563 528 595 et
548 556 661 595 uobis
682 564 838 595 aeterna
859 556 1085 595 sollicitudo
1104 557 1332 604 remanebit,
1360 572 1450 597 cum

121 622 352 673 intellegetis
381 630 448 660 aut
478 621 733 661 seruiundum
763 634 848 660 esse
876 630 943 659 aut
970 634 1038 672 per
1064 634 1204 660 manus
1230 621 1448 662 libertatem

122 687 378 726 retinendam.
437 700 528 725 nam
558 686 649 726 fidei
679 686 840 736 quidem
869 694 937 725 aut
965 686 1202 726 concordiae
1231 700 1333 736 quae
1361 700 1450 738 spes
1473 700 1518 736 23

121 755 207 791 est?
262 751 454 790 dominari
474 751 528 789 illi
547 753 699 799 uolunt,
717 764 789 790 uos
809 751 920 790 liberi
941 764 1037 798 esse,
1058 753 1185 791 facere
1205 752 1259 790 illi
1279 752 1448 800 iniurias,

121 829 191 855 uos
238 817 456 867 prohibere,
505 824 707 866 postremo
753 816 869 855 sociis
914 816 1056 855 nostris
1100 817 1221 856 ueluti
1258 818 1447 866 hostibus,

121 882 298 919 hostibus
345 894 415 930 pro
462 881 577 919 sociis
626 888 794 919 utuntur.
854 888 1037 931 potestne
1079 882 1118 919 in
1162 890 1242 920 tam
1284 881 1450 921 diuorsis
1473 893 1521 927 24

122 946 319 985 mentibus
339 959 413 996 pax
433 954 499 984 aut
526 945 701 984 amicitia
726 948 840 984 esse?
897 960 975 996 qua
1000 959 1040 985 re
1067 959 1214 985 moneo
1239 947 1450 997 hortorque
1473 960 1517 997 25

121 1025 191 1051 uos
220 1025 270 1050 ne
299 1020 450 1050 tantum
478 1013 604 1050 scelus
632 1011 854 1062 inpunitum
880 1011 1078 1050 omittatis.
1140 1025 1221 1050 non
1247 1014 1451 1062 peculatus

120 1076 241 1114 aerari
269 1077 394 1114 factus
424 1084 492 1123 est,
524 1089 653 1125 neque
688 1089 757 1125 per
789 1075 870 1112 uim
905 1075 1021 1114 sociis
1056 1084 1212 1125 ereptae
1245 1077 1448 1126 pecuniae,

121 1154 234 1190 quae,
262 1153 500 1190 quamquam
526 1140 661 1190 grauia
687 1148 787 1186 sunt,
816 1148 949 1178 tamen
976 1142 1262 1180 consuetudine
1283 1141 1359 1179 iam
1379 1155 1450 1191 pro

121 1205 243 1244 nihilo
262 1205 466 1243 habentur.
524 1204 628 1243 hosti
648 1217 851 1243 acerrumo
872 1205 1030 1254 prodita
1051 1213 1209 1244 senatus
1229 1206 1448 1253 auctoritas,

121 1270 317 1321 proditum
362 1269 566 1319 imperium
615 1278 790 1308 uostrum
837 1278 905 1317 est,
952 1270 1061 1309 domi
1106 1271 1347 1321 militiaeque
1391 1286 1451 1311 res

122 1335 278 1384 publica
306 1335 455 1373 uenalis
484 1334 566 1372 fuit.
626 1348 727 1384 quae
757 1334 831 1372 nisi
860 1335 1036 1384 quaesita
1065 1344 1190 1383 erunt,
1226 1336 1300 1374 nisi
1328 1335 1451 1375 uindi-
1474 1339 1521 1373 26

122 1407 252 1438 catum
289 1401 329 1437 in
368 1399 520 1446 noxios,
555 1398 650 1448 quid
684 1398 756 1437 erit
789 1398 963 1446 relicum,
999 1399 1072 1438 nisi
1106 1407 1150 1438 ut
1183 1399 1269 1447 illis,
1305 1401 1372 1450 qui
1406 1414 1452 1440 ea

122 1467 257 1511 fecere,
275 1464 533 1502 oboedientes
553 1463 764 1501 uiuamus?
784 1476 874 1501 nam
895 1463 1043 1514 inpune
1063 1478 1166 1514 quae
1186 1466 1296 1504 lubet
1312 1468 1449 1513 facere,

123 1529 161 1568 id
199 1536 257 1567 est
294 1541 424 1578 regem
463 1541 557 1567 esse.
618 1541 746 1577 neque
784 1541 858 1578 ego
892 1541 973 1575 uos,
1012 1529 1196 1577 Quirites,
1231 1531 1376 1577 hortor,
1408 1537 1451 1568 ut
1474 1540 1518 1574 27

123 1593 265 1633 malitis
293 1593 390 1632 ciuis
419 1602 572 1632 uostros
600 1606 806 1644 perperam
837 1606 953 1643 quarn
983 1602 1088 1633 recte
1117 1594 1267 1641 fecisse,
1298 1596 1365 1634 sed
1401 1608 1451 1633 ne

123 1659 368 1709 ignoscundo
405 1657 517 1696 malis
556 1658 682 1697 bonos
720 1659 917 1707 perditum
956 1658 1063 1697 eatis.
1121 1660 1174 1698 ad
1211 1659 1289 1698 hoc
1326 1660 1366 1697 in
1410 1673 1450 1698 re
1472 1665 1520 1701 28

124 1723 282 1772 publica
309 1722 432 1759 multo
461 1729 632 1770 praestat
662 1721 819 1760 benifici
849 1734 967 1772 quam
1001 1722 1156 1761 malifici
1190 1722 1449 1762 inmemorem

125 1799 217 1825 esse.
290 1787 418 1824 bonus
457 1787 734 1824 tantummodo
777 1786 933 1836 segnior
969 1788 1023 1834 fit,
1062 1786 1132 1825 ubi
1173 1789 1367 1837 neglegas,
1411 1795 1450 1826 at

125 1852 249 1890 malus
276 1849 486 1899 inprobior.
545 1850 595 1888 ad
624 1851 699 1889 hoc
729 1850 759 1887 si
786 1849 947 1889 iniuriae
973 1863 1054 1889 non
1082 1851 1169 1898 sint,
1198 1852 1304 1890 haud
1331 1864 1450 1902 saepe
1472 1862 1519 1898 29

124 1913 241 1953 auxili
262 1914 401 1963 egeas.²

206 1979 320 2016 Haec
339 1986 458 2027 atque
478 1977 554 2016 alia
573 1977 847 2016 huiuscemodi
868 1979 1025 2028 saepius
1043 1978 1215 2017 dicendo
1236 1979 1450 2018 Memmius
1469 1981 1528 2023 32

126 2044 273 2092 populo
302 2043 512 2091 persuadet
541 2042 599 2081 uti
626 2044 668 2080 L.
699 2041 869 2089 Cassius,
898 2042 966 2092 qui
991 2050 1075 2081 turn
1101 2051 1257 2094 praetor
1283 2052 1374 2089 erat,
1399 2044 1450 2082 ad

126 2107 354 2155 Iugurtham
400 2106 626 2153 mitteretur,
675 2119 847 2156 eumque
893 2107 1123 2156 interposita
1170 2108 1247 2146 fide
1291 2107 1450 2157 publica

127 2173 296 2208 Romam
328 2170 497 2216 duceret,
534 2183 612 2219 quo
648 2171 795 2209 facilius
828 2170 976 2208 indicio
1004 2171 1104 2219 regis
1133 2171 1267 2209 Scauri
1297 2179 1335 2209 et
1367 2171 1451 2209 reli-

127 2246 302 2281 quorum,
321 2246 418 2282 quos
434 2233 625 2282 pecuniae
644 2242 782 2283 captae
797 2236 1032 2280 accersebat,
1052 2235 1193 2273 delicta
1209 2237 1446 2284 patefierent.
