1596 2495
417 54 507 90 DE
544 53 742 90 BELLO
778 54 1162 91 JUGURTHJNO
1405 65 1445 88 11

129 155 352 193 audiueram
374 161 523 203 patrem
544 166 700 191 meum:
729 152 795 201 qui
815 159 987 190 nostram
1008 151 1220 190 amicitiam
1247 151 1450 200 diligenter

129 219 312 266 colerent,
338 230 405 256 eos
432 218 596 255 multum
622 217 795 255 laborem
823 215 1030 266 suscipere,
1057 223 1229 254 ceterum
1257 228 1304 254 ex
1329 215 1451 253 omni-

132 284 202 319 bus
222 295 401 320 maxume
421 288 534 320 tutos.
549 294 645 319 esse.
704 282 811 330 quod
837 281 876 318 in
904 281 1049 319 familia
1075 288 1208 319 nostra
1233 280 1316 328 fuit,
1339 293 1446 329 prae·
1472 294 1516 329 13

131 344 238 391 stitit,
261 345 317 383 uti
338 345 377 382 in
397 344 578 383 omnibus
601 344 710 383 bellis
730 346 884 383 adesset
905 344 1042 383 uobis:
1072 358 1144 382 nos
1164 344 1218 381 uti
1240 358 1306 393 per
1326 343 1447 382 otium

129 409 200 447 tuti
234 409 366 457 simus,
400 409 441 447 in
475 417 606 448 nostra
643 422 762 447 manu
796 416 866 456 est,
901 417 1030 458 patres
1062 409 1282 459 conscripti.
1341 417 1450 458 pater
1471 425 1511 456 1-!

128 487 199 512 nos
228 476 327 513 duos
355 475 489 512 fratres
518 473 681 523 reliquit,
713 473 867 512 tertium
899 474 1123 523 Iugurtham
1154 473 1342 512 benificiis
1371 472 1448 511 suis

129 548 230 578 ratus
272 547 330 579 est
374 540 627 578 coniunctum
669 538 784 577 nobis
825 539 916 577 fore.
974 539 1069 576 alter
1110 551 1244 576 eorum
1286 545 1446 575 necatus

129 612 198 650 est,
219 604 376 642 alterius
396 603 479 653 ipse
505 617 578 653 ego
602 616 741 641 manus
766 603 893 652 inpias
919 602 983 640 uix
1005 601 1132 651 effugi.
1191 601 1286 651 quid
1306 603 1446 651 agam?
1471 617 1481 638 ι
1494 615 1511 650 5

127 677 193 707 aut
226 683 305 718 quo
338 668 598 718 potissumum
632 668 764 706 infelix
797 669 1020 706 adcedam?
1065 667 1216 716 generis
1255 667 1447 715 praesidia

127 733 258 771 omnia
284 734 455 772 extincta
479 741 577 772 sunt.
635 741 755 783 pater,
783 733 838 771 uti
867 746 1026 772 necesse
1054 740 1146 777 erat,
1173 740 1334 770 naturae
1359 745 1449 770 con-

126 798 251 837 cessit.
307 798 421 845 fratn‘,
453 812 571 848 quem
600 797 775 835 minume
805 797 947 844 decuit,
977 796 1187 846 propincus
1222 809 1291 845 per
1323 797 1446 834 scelus

127 862 246 900 uitam
285 862 431 912 eripuit.
490 862 640 907 adfinis,
681 861 839 907 amicos,
874 860 1116 911 propinquos
1155 868 1304 899 ceteros
1337 873 1446 898 meos

127 927 245 964 alium
283 927 359 965 alia
395 928 528 965 clades
566 926 782 976 obpressit:
819 925 923 975 capti
969 927 1020 963 ab
1059 926 1244 975 Iugurtha
1283 939 1370 974 pars
1407 925 1445 963 in

126 1004 278 1029 crucem
308 992 395 1037 acti,
423 1004 511 1040 pars
541 990 672 1030 bestiis
697 990 841 1029 obiecti
867 998 968 1036 sunt,
996 990 1121 1039 pauci,
1148 989 1289 1038 quibus
1315 989 1446 1027 relicta

126 1064 184 1093 est
211 1056 352 1102 anima,
380 1055 501 1093 clausi
529 1055 570 1093 in
599 1054 769 1093 tenebris
798 1068 886 1093 cum
917 1067 1092 1093 maerore
1121 1061 1160 1092 et
1188 1055 1293 1091 luctu
1322 1062 1445 1092 morte

125 1119 341 1168 grauiorem
368 1119 490 1158 uitam
515 1121 681 1169 exigunt.
739 1119 770 1157 si
791 1118 935 1165 onmia,
956 1131 1056 1168 quae
1076 1126 1142 1156 aut
1169 1117 1279 1156 amisi
1304 1125 1371 1156 aut
1398 1131 1445 1155 ex
1470 1121 1513 1155 16

126 1184 351 1222 necessariis
378 1185 546 1222 aduorsa
569 1185 672 1221 facta
698 1190 798 1228 sunt,
821 1182 1033 1220 incolumia
1059 1189 1272 1228 manerent,
1300 1189 1443 1227 tamen,

126 1248 157 1286 si
177 1249 270 1298 quid
294 1262 342 1286 ex
368 1248 566 1298 inprouiso
594 1247 687 1286 mali
712 1246 928 1294 accidisset,
950 1260 1022 1285 uos
1048 1247 1296 1295 inplorarem,
1318 1253 1445 1295 patres

125 1312 345 1362 conscripti,
375 1311 516 1362 quibus
550 1324 621 1361 pro
655 1310 926 1360 magnitudine
959 1309 1097 1359 imperi
1131 1310 1189 1347 ius
1223 1317 1260 1348 et
1289 1309 1445 1348 iniurias

127 1375 254 1414 omnis
291 1389 406 1414 curae
445 1389 529 1413 esse
569 1376 694 1414 decet.
752 1388 857 1412 nunc
889 1387 983 1412 uero
1022 1375 1110 1412 exul
1141 1373 1275 1422 patria,
1311 1374 1442 1419 domo,
1469 1390 1510 1423 17

127 1441 230 1477 solus
251 1447 367 1488 atque
387 1439 563 1476 omnium
583 1440 834 1477 honestarum
854 1450 980 1475 rerum
1005 1450 1133 1486 egens,
1157 1449 1236 1486 quo
1260 1437 1444 1475 accedam

126 1510 192 1540 aut
212 1515 310 1551 quos
329 1503 551 1551 adpellem?
571 1501 802 1540 nationesne
821 1514 871 1539 an
887 1502 1024 1550 reges?
1043 1499 1109 1549 qui
1125 1511 1261 1538 omnes
1278 1500 1444 1539 familiae

126 1575 281 1605 nostrae
314 1568 366 1606 ob
395 1576 567 1606 nostram
600 1566 812 1605 amicitiam
845 1565 973 1604 infesti
1006 1572 1106 1603 sunt.
1165 1578 1215 1602 an
1244 1577 1443 1614 quoquam

127 1632 220 1669 mihi
246 1631 353 1670 adire
379 1630 480 1678 licet,
501 1630 567 1669 ubi
596 1644 676 1669 non
706 1630 896 1668 maiorum
926 1643 1101 1668 meorum
1130 1629 1286 1667 hostilia
1310 1642 1444 1668 monu-

127 1703 259 1733 menta
287 1697 465 1745 pluruma
491 1696 595 1733 sint?
622 1702 690 1733 aut
715 1694 920 1744 quisquam
952 1693 1072 1732 nostri
1102 1693 1273 1731 misereri
1301 1700 1442 1742 potest,

126 1759 192 1809 qui
225 1759 437 1808 aliquando
466 1758 578 1797 uobis
607 1760 730 1796 hostis
762 1758 863 1796 fuit?
900 1765 1099 1807 postremo
1134 1756 1344 1794 Masinissa
1372 1770 1443 1795 nos
1467 1760 1512 1795 18

126 1825 178 1862 ita
216 1824 390 1870 instituit,
430 1831 559 1873 patres
597 1822 820 1871 conscripti,
861 1836 911 1860 ne
953 1835 1072 1871 quem
1116 1822 1333 1859 coleremus
1371 1821 1443 1859 nisi

126 1890 314 1938 populum
345 1890 582 1932 Romanum,
611 1900 662 1925 ne
691 1886 896 1925 societates
924 1899 1001 1924 neu
1029 1887 1187 1924 foedera
1215 1898 1319 1923 noua
1346 1885 1444 1922 acci-

129 1965 331 2001 peremus:
360 1952 518 1990 abunde
541 1964 683 2000 magna
709 1950 902 2000 praesidia
923 1949 1037 1988 nobis
1060 1948 1100 1986 in
1123 1956 1255 1987 uostra
1274 1947 1443 1986 amicitia

127 2017 207 2053 sore
223 2028 233 2062 ;
269 2014 299 2053 si
333 2014 423 2052 huic
452 2014 614 2063 imperio
642 2015 796 2051 fortuna
824 2020 1047 2057 mutaretur,
1072 2025 1152 2050 una
1180 2011 1442 2050 occidundum

127 2078 241 2116 nobis
267 2090 362 2116 esse.
421 2077 561 2115 uirtute
590 2090 636 2114 ac
665 2076 724 2115 dis
753 2077 975 2114 uolentibus
1006 2074 1134 2124 magni
1162 2075 1253 2113 estis
1282 2082 1321 2112 et
1350 2087 1445 2122 opu-
1466 2088 1511 2123 19

127 2139 230 2185 lenti,
272 2138 404 2176 omnia
441 2139 617 2176 secunda
654 2145 692 2175 et
730 2137 981 2175 oboedientia
1019 2144 1130 2174 sunt:
1178 2149 1258 2185 quo
1295 2135 1443 2174 facilius

128 2204 320 2240 sociorum
358 2202 516 2239 iniurias
553 2214 685 2239 curare
727 2201 826 2238 licet.
885 2208 1034 2238 tantum
1075 2201 1170 2237 illud
1208 2212 1354 2243 uereor,
1394 2211 1444 2236 ne
1464 2210 1511 2233 20
