1596 2495
398 66 486 102 DE
522 65 724 103 BELLO
760 65 1159 103 IUGURTHJNO
1395 79 1441 114 23

197 171 348 207 ‘Multa
367 181 430 207 me
450 168 707 207 dehortantur
726 181 749 206 a
769 167 894 214 uobis,
917 166 1099 215 Quirites,
1122 168 1162 206 ni
1190 168 1362 206 studium
1389 168 1442 206 rei
1464 173 1522 218 31

112 234 292 285 publicae
313 234 443 272 omnia
463 241 641 283 superet:
672 246 768 283 opes
794 232 988 279 factionis,
1010 239 1142 270 uostra
1162 232 1362 282 patientia,
1383 232 1442 271 ius

113 299 272 345 nullum,
302 312 348 336 ac
378 311 559 337 maxume
588 298 696 346 quod
726 296 978 335 innocentiae
1006 297 1094 346 plus
1128 296 1289 346 periculi
1324 309 1441 346 quam

113 364 272 402 honoris
309 370 377 401 est.
436 375 528 401 nam
565 362 632 400 illa
676 361 838 412 quidem
884 361 992 411 piget
1037 360 1179 407 dicere,
1225 360 1285 399 his
1329 361 1441 399 annis
1462 376 1482 399 2

112 428 337 477 quindecim
359 441 477 477 quam
496 426 665 466 ludibrio
681 426 828 465 fueritis
849 426 1056 475 superbiae
1076 439 1304 475 paucorum,
1322 439 1440 475 quam

111 493 227 532 foede
256 506 455 542 quamque
484 491 598 530 inulti
627 490 811 541 perierint
840 490 962 530 uostri
990 492 1227 537 defensores,
1259 497 1302 528 ut
1328 490 1442 529 uobis

111 558 263 596 animus
283 559 334 596 ab
355 557 508 608 ignauia
527 564 646 605 atque
667 556 846 595 socordia
868 562 1083 606 conruptus
1104 554 1163 601 sit,
1180 553 1248 604 qui
1268 567 1318 594 ne
1337 567 1442 592 nunc
1460 567 1482 602 3

111 623 272 672 quidem
293 624 470 662 obnoxiis
490 622 656 660 inimicis
677 621 872 672 exurgitis,
894 628 1014 671 atque
1034 620 1154 660 etiam
1174 634 1279 658 nunc
1299 619 1442 659 timetis

112 701 191 734 eos,
220 687 362 737 quibus
390 688 504 726 decet
533 685 668 725 terrori
699 698 793 724 esse.
853 686 924 724 sed
953 698 1195 734 quamquam
1224 685 1322 724 haec
1350 684 1442 723 talia
1460 695 1483 727 4

111 759 210 799 sunt,
242 758 372 790 tamen
402 751 562 790 obuiam
588 750 642 789 ire
667 749 849 788 factionis
877 749 1078 800 potentiae
1106 750 1258 788 animus
1286 749 1438 800 subigit.

111 825 216 855 certe
241 830 313 867 ego
339 817 570 862 libertatem,
599 828 700 865 quae
727 814 823 853 mihi
848 828 872 853 a
897 822 1061 865 parente
1088 827 1178 854 meo
1204 815 1345 853 tradita
1370 824 1439 861 est,
1461 825 1479 862 5

110 882 290 932 experiar.
351 894 487 920 uerum
516 880 556 919 id
589 881 727 919 frustra
759 893 810 918 an
844 880 897 918 ob
931 892 1013 919 rem
1046 880 1204 927 faciam,
1240 879 1280 918 in
1309 888 1441 918 uostra

111 960 229 985 manu
263 947 380 985 situm
413 954 483 993 est,
519 945 703 995 Quirites.
762 957 892 995 neque
925 957 999 995 ego
1037 958 1110 983 uos
1148 946 1293 992 hortor,
1333 945 1481 994 quod6

111 1025 227 1061 saepe
247 1010 412 1049 maiores
433 1010 550 1049 uestri
571 1011 708 1057 fecere,
735 1009 793 1048 uti
818 1017 954 1048 contra
980 1009 1139 1047 iniurias
1166 1009 1304 1048 armati
1331 1009 1437 1048 eatis.

109 1076 205 1114 nihil
225 1076 275 1123 ui,
304 1077 399 1115 nihil
426 1076 647 1116 secessione
673 1089 773 1126 opus
800 1084 882 1115 est:
911 1089 1075 1122 necesse
1102 1084 1160 1114 est
1187 1083 1341 1115 suomet
1367 1075 1440 1125 ipsi

111 1155 218 1180 more
237 1141 469 1191 praecipites
496 1149 597 1180 eant.
656 1140 789 1180 occiso
816 1139 875 1178 Ti.
908 1141 1101 1187 Graccho,
1130 1153 1249 1189 quem
1276 1153 1439 1190 regnum
1459 1148 1479 1187 7

110 1219 242 1255 parare
272 1206 442 1252 aiebant,
473 1205 513 1243 in
543 1206 702 1255 plebem
738 1207 962 1243 Romanam
997 1204 1251 1254 quaestiones
1283 1203 1440 1243 habitae

110 1278 209 1309 sunt.
267 1277 355 1320 post
395 1271 438 1309 C.
481 1268 648 1308 Gracchi
683 1276 720 1308 et
757 1270 811 1306 M.
849 1268 961 1306 Fului
994 1269 1158 1307 caedem
1192 1268 1285 1307 item
1320 1269 1440 1307 uostri

110 1334 256 1373 ordinis
290 1333 403 1373 multi
437 1335 620 1372 mortales
654 1333 695 1372 in
729 1346 883 1372 carcere
917 1333 1047 1372 necati
1079 1341 1180 1371 sunt.
1240 1334 1440 1383 utriusque

109 1399 231 1437 cladis
250 1412 331 1438 non
350 1400 424 1446 lex,
452 1412 589 1437 uerum
615 1398 753 1437 lubido
781 1410 914 1436 eorum
942 1398 1061 1436 finem
1088 1397 1189 1436 fecit.
1248 1398 1318 1436 sed
1345 1411 1438 1436 sane
1457 1399 1480 1435 8

110 1465 222 1502 fuerit
255 1464 362 1513 regni
399 1463 548 1513 paratio
586 1462 693 1512 plebi
732 1475 802 1500 sua
840 1461 1053 1502 restituere.
1123 1461 1317 1511 quidquid
1355 1461 1438 1500 sine

111 1529 298 1578 sanguine
327 1528 471 1566 ciuium
500 1526 634 1565 ulcisci
664 1526 858 1576 nequitur,
890 1525 971 1565 iure
997 1527 1145 1564 factum
1172 1525 1230 1563 sit.
1290 1526 1436 1575 superi-
1457 1538 1479 1572 9

111 1593 242 1631 oribus
268 1592 380 1631 annis
401 1592 507 1631 taciti
527 1591 840 1643 indignabamini
859 1590 1049 1630 aerarium
1075 1590 1247 1640 expilari,
1270 1603 1379 1640 reges
1399 1598 1437 1629 et

112 1659 280 1707 populos
314 1658 456 1696 liberos
489 1656 623 1707 paucis
656 1656 856 1695 nobilibus
890 1654 1058 1704 uectigal
1091 1655 1276 1705 pendere,
1316 1668 1437 1705 penes

111 1723 272 1760 eosdem
311 1728 350 1759 et
388 1734 580 1759 summam
619 1720 780 1771 gloriam
819 1727 857 1758 et
895 1732 1100 1757 maxumas
1138 1718 1295 1757 diuitias
1339 1732 1432 1757 esse.

111 1796 243 1825 tamen
263 1787 361 1824 haec
380 1786 473 1824 talia
491 1785 664 1824 facinora
683 1786 831 1836 inpune
851 1785 1070 1834 suscepisse
1090 1797 1229 1833 parum
1250 1785 1433 1822 habuere.

112 1851 243 1900 itaque
271 1857 470 1900 postremo
501 1851 617 1899 leges,
645 1849 828 1888 maiestas
856 1856 1000 1894 uostra,
1031 1847 1167 1886 diuina
1198 1855 1236 1886 et
1264 1848 1436 1885 humana

111 1915 244 1954 omnia
276 1914 454 1954 hostibus
486 1915 629 1953 tradita
662 1921 762 1952 sunt.
821 1925 949 1963 neque
988 1925 1066 1959 θος,
1107 1911 1174 1962 qui
1212 1925 1258 1951 ea
1295 1914 1433 1959 fecere,
1459 1927 1504 1950 10

111 1980 233 2028 pudet
261 1987 326 2017 aut
354 1978 540 2028 paenitet,
569 1979 640 2017 sed
665 1977 856 2016 incedunt
881 1990 949 2027 per
975 1989 1043 2014 ora
1068 1984 1201 2015 uostra
1226 1975 1433 2026 magnifici,

112 2044 328 2083 sacerdotia
356 2051 395 2082 et
424 2044 660 2088 consulatus,
691 2056 780 2092 pars
809 2042 1028 2092 triumphos
1057 2054 1148 2080 suos
1178 2048 1431 2087 ostentanteS,

111 2108 275 2157 proinde
295 2107 405 2157 quasi
426 2120 473 2145 ea
498 2106 650 2153 honori,
679 2119 760 2145 non
786 2107 954 2156 praedae
980 2106 1160 2144 habeant.
1220 2105 1320 2143 serui
1347 2117 1434 2142 aere
1458 2119 1498 2142 11

113 2172 234 2220 parati
279 2171 421 2209 iniusta
467 2171 631 2221 imperia
678 2171 926 2209 dominorum
971 2181 1052 2208 non
1096 2173 1303 2219 perferunt,
1350 2181 1431 2213 uos,

114 2234 295 2283 Quirites,
317 2234 356 2271 in
376 2234 539 2284 imperio
560 2234 650 2276 nati,
674 2246 801 2284 aequo
821 2233 953 2272 animo
980 2231 1205 2270 seruitutem
1234 2233 1434 2270 toleratis?
