1596 2495
125 91 170 114 22
486 77 526 114 C.
569 77 713 114 SALL
725 77 863 114 USTJ
900 76 1099 114 CRISPJ

124 193 216 219 uero
236 193 352 230 quam
375 179 605 229 participem
628 179 759 229 negoti
780 180 967 218 Scaurum
989 178 1152 229 accepit,
1173 178 1212 216 in
1229 191 1453 218 maxumam

123 258 233 296 spem
277 245 472 283 adductus
517 246 808 295 recuperandae
846 245 966 294 pacis,
1007 244 1140 282 statuit
1182 257 1273 282 cum
1313 245 1368 282 eis
1406 245 1456 283 de

81 323 105 357 4
124 311 308 349 omnibus
328 310 578 360 pactionibus
600 322 782 359 praesens
806 322 933 359 agere.
990 317 1164 348 ceterum
1191 308 1341 348 interea
1367 310 1457 349 fidei

123 389 241 414 causa
283 375 448 414 mittitur
484 389 509 413 a
551 376 713 413 consule
756 375 908 413 Sextius
950 382 1135 425 quaestor
1178 375 1218 413 in
1263 376 1454 426 oppidum

125 440 334 490 Iugurthae
355 442 516 490 Vagam.
576 437 686 477 cuius
707 438 761 477 rei
781 438 933 488 species
955 447 1036 478 erat
1055 439 1236 490 acceptio
1259 441 1455 489 frumenti,

125 505 233 553 quod
267 503 502 553 Calpurnius
537 504 667 553 palam
701 503 839 552 legatis
873 502 1146 552 imperauerat,
1177 504 1365 554 quoniam
1395 506 1459 544 de-

82 581 102 619 5
125 569 284 608 ditionis
314 582 423 608 mora
451 568 627 607 indutiae
660 569 915 617 agitabantur.
976 568 1090 619 igitur
1123 582 1200 615 rex,
1231 569 1286 607 uti
1320 569 1460 608 consti-

125 641 261 680 tuerat,
290 635 330 671 in
360 641 487 671 castra
513 633 621 671 uenit
650 645 707 679 ae,
735 645 862 682 pauca
891 632 1087 682 praesenti
1114 633 1280 672 consilio
1306 635 1460 673 locutus

127 700 177 738 de
211 698 359 737 inuidia
393 699 485 736 facti
519 698 577 736 sui
613 706 731 747 atque
765 699 819 736 uti
854 697 894 736 in
929 698 1172 737 deditionem
1206 699 1459 749 acciperetur,

128 767 277 815 reliqua
296 778 386 803 cum
403 763 533 803 Bestia
553 771 592 803 et
607 765 752 802 Scauro
773 770 922 802 secreta
942 764 1128 813 transigit.
1188 765 1280 803 dein
1301 773 1461 815 postero

129 827 193 867 die
223 828 334 878 quasi
365 841 435 878 per
467 836 637 866 saturam
672 827 875 866 sententiis
910 828 1110 877 exquisitis
1144 827 1184 865 in
1218 829 1460 867 deditionem

87 900 109 935 6
129 892 326 943 accipitur.
386 893 456 932 sed
485 892 541 930 uti
570 905 640 942 pro
669 892 836 930 consilio
871 892 1107 941 imperatum
1143 902 1235 940 erat,
1266 893 1463 943 elephanti

129 958 296 1008 triginta,
316 970 438 1007 pecus
458 965 578 1006 atque
599 956 690 1006 equi
711 956 825 994 multi
846 970 936 994 cum
965 970 1088 1006 paruo
1109 957 1259 1008 argenti
1286 959 1462 1007 pondere

89 1035 107 1072 7
129 1022 327 1073 quaestori
365 1023 580 1061 traduntur.
642 1022 879 1071 Calpurnius
916 1024 1086 1061 Romam
1127 1024 1178 1062 ad
1217 1023 1464 1073 magistratus

129 1089 325 1139 rogandos
352 1088 619 1138 proficiscitur.
679 1087 719 1125 in
747 1087 937 1127 Numidia
963 1096 1002 1127 et
1029 1088 1201 1128 exercitu
1229 1098 1363 1128 nostro
1391 1103 1465 1140 pax

128 1153 357 1203 agitabatur.

51 1228 112 1272 30
212 1222 428 1269 Postquam
466 1232 525 1258 res
563 1218 603 1256 in
642 1218 773 1257 Africa
810 1227 950 1269 gestas,
991 1233 1150 1269 quoque
1189 1221 1311 1258 modo
1355 1228 1466 1258 actae

131 1287 258 1324 forent
291 1286 396 1323 fama
431 1284 661 1333 diuolgauit,
698 1286 853 1323 Rornae
886 1298 955 1335 per
989 1285 1118 1323 omnis
1152 1287 1262 1324 locos
1296 1294 1335 1324 et
1372 1299 1465 1324 con-

131 1358 274 1389 uentus
313 1351 363 1388 de
408 1350 514 1388 facto
559 1348 731 1387 consulis
777 1349 923 1399 agitari.
994 1351 1099 1400 apud
1144 1352 1299 1400 plebem
1338 1351 1467 1400 grauis

134 1414 293 1460 inuidia,
315 1422 445 1464 patres
467 1413 623 1453 solliciti
646 1422 777 1453 erant:
808 1416 1072 1464 probarentne
1099 1423 1250 1454 tantum
1279 1416 1466 1465 flagitium

94 1493 183 1518 zan
218 1480 419 1518 decretum
454 1479 628 1517 consulis
663 1480 940 1518 subuorterent
974 1493 1111 1530 parum
1147 1481 1364 1519 constabat.
1423 1494 1468 1518 ac

133 1558 317 1583 maxume
357 1557 425 1583 eos
463 1544 644 1594 potentia
681 1544 826 1591 Scauri,
867 1546 974 1594 quod
1014 1545 1044 1583 is
1083 1552 1218 1583 auctor
1257 1553 1294 1583 et
1339 1545 1469 1583 socius

91 1621 113 1656 3
136 1609 291 1648 Bestiae
338 1609 543 1655 ferebatur,
592 1621 616 1646 a
663 1621 756 1646 uero
803 1608 989 1658 bonoque
1036 1608 1275 1658 inpediebat.
1333 1616 1373 1647 at
1422 1610 1465 1647 C.

136 1673 362 1719 Memmius,
403 1674 513 1711 cuius
552 1674 602 1711 de
647 1673 826 1712 libertate
871 1673 1002 1723 ingeni
1046 1681 1085 1712 et
1130 1673 1223 1712 odio
1267 1674 1469 1724 potentiae

134 1738 347 1777 nobilitatis
388 1751 505 1787 supra
549 1738 730 1784 diximus,
778 1740 878 1777 inter
923 1739 1211 1777 dubitationem
1258 1747 1297 1778 et
1341 1753 1468 1777 moras

135 1813 292 1843 senatus
340 1803 590 1842 contionibus
638 1805 830 1853 populum
879 1805 929 1842 ad
978 1803 1263 1843 uindicandum
1293 1803 1468 1850 'hortari,

135 1883 294 1909 monere
324 1884 374 1909 ne
403 1883 485 1908 rem
515 1869 725 1920 publicam,
758 1883 808 1909 ne
838 1870 1057 1908 libertatem
1087 1884 1196 1909 suam
1232 1872 1468 1917 desererent,

136 1937 259 1974 multa
297 1936 464 1985 superba
498 1942 537 1974 et
572 1935 747 1973 crudelia
781 1935 956 1973 facinora
989 1935 1204 1974 nobilitatis
1238 1936 1469 1974 ostendere:

135 2014 291 2050 prorsus
325 2001 499 2038 intentus
539 1999 648 2038 omni
687 2000 808 2038 modo
848 1999 973 2049 plebis
1007 2000 1183 2038 animum
1217 2000 1467 2038 incendebat.

97 2080 118 2113 4
137 2067 206 2104 sed
234 2066 420 2115 quoniam
448 2079 495 2103 ea
521 2073 754 2114 tempestate
782 2066 937 2103 Romae
966 2065 1131 2104 Memmi
1157 2065 1342 2103 facundia
1369 2065 1470 2102 clara

137 2131 368 2179 pollensque
403 2129 485 2176 fuit,
522 2130 664 2167 decere
703 2129 938 2167 existumaui
977 2143 1095 2167 unam
1135 2142 1182 2167 ex
1220 2137 1299 2166 tam
1321 2128 1471 2173 ,multis

137 2193 354 2231 orationem
375 2193 459 2231 eius
480 2193 730 2243 perscribere,
749 2207 795 2231 ac
816 2193 1076 2242 potissumum
1093 2207 1140 2232 ea
1155 2193 1296 2239 dicam,
1314 2206 1415 2242 quae
1432 2194 1470 2231 in

137 2258 324 2296 contione
344 2265 433 2308 post
453 2258 618 2295 reditum
644 2258 798 2295 Bestiae
819 2257 1093 2296 huiuscemodi
1109 2259 1240 2296 uerbis
1260 2258 1450 2297 disseruit.
